2430 3952
147 203 211 269 104
560 202 746 257 VARRONIS

53 431 57 436 .
146 350 256 434 binos,
285 371 357 413 cum
386 369 482 413 cavos
509 348 631 412 habeat
659 352 729 412 tum
758 350 976 431 renascentes,
1010 347 1040 411 ei
1069 352 1161 414 sexto

148 460 232 502 anno
256 438 389 521 inpleri,
417 441 565 520 septumo
590 459 702 501 omnes
725 436 844 500 habere
869 437 951 500 solet
973 439 1104 501 renatos
1129 442 1164 502 51

148 527 324 609 conpletos.
379 525 441 590 hoc
480 527 618 590 maiores
652 527 706 608 qui
722 528 824 611 sunt,
857 525 1006 608 intellegi
1037 532 1163 610 negant

147 637 257 698 posse,
290 619 516 698 praeterquam
543 637 616 679 cum
644 615 755 678 dentes
784 613 850 678 sint
872 613 951 677 facti
974 615 1105 679 brocchi
1130 618 1164 679 et

149 703 320 786 supercilia
353 725 432 767 cana
465 708 498 767 et
525 705 584 767 sub
614 725 652 767 ea
680 703 826 783 lacunae,
859 724 897 765 ex
923 723 956 766 co
985 703 1162 768 observatu
1189 729 1202 770 5

116 793 259 859 4dicunt
286 814 359 856 eum
387 814 501 875 equom
530 791 650 856 habere
679 813 780 855 annos
805 790 950 855 sedecim.
996 793 1032 855 dc
1054 792 1163 855 forma

148 902 218 944 esse
242 884 372 963 oportet
390 881 614 967 magnitudine
633 880 768 963 modica,
791 880 876 962 quod
894 901 952 943 nec
971 884 1082 944 vastos
1101 903 1162 946 nec

147 969 289 1033 minutos
313 970 405 1033 decet
428 991 509 1051 esse,
533 991 632 1052 equas
657 969 805 1032 clunibus
829 990 865 1032 ac
885 968 1053 1032 ventribus
1074 970 1163 1036 latis.

148 1080 256 1140 equos,
275 1060 318 1122 od
338 1057 550 1122 admissuram
570 1079 651 1141 quos
667 1058 746 1121 velis
761 1056 890 1141 habere,
908 1057 1016 1142 legere
1031 1063 1163 1141 oportet

149 1146 256 1229 amplo
285 1167 432 1228 corpore,
461 1145 636 1229 formosos,
668 1147 756 1209 nulle
784 1159 877 1229 parte
905 1147 1048 1229 corporis
1076 1147 1203 1213 interro

118 1248 183 1304 5se
206 1255 271 1297 non
296 1237 518 1319 congruentes
558 1236 664 1318 qualis
688 1234 815 1297 futurus
835 1233 879 1297 sit
900 1257 1009 1318 equus,
1033 1255 1049 1297 e
1069 1237 1162 1319 pullo

149 1323 321 1386 coniectari
348 1326 472 1405 potest,
505 1324 531 1386 si
564 1327 661 1408 caput
692 1323 791 1386 habet
822 1344 887 1387 non
918 1344 1072 1407 magnum
1102 1347 1163 1391 nec

148 1411 302 1474 membris
331 1412 473 1476 confusis
502 1412 530 1476 si
558 1419 622 1493 est,
653 1412 754 1476 oculis
783 1412 901 1495 nigris,
933 1412 1068 1476 naribus
1095 1435 1163 1479 nou

149 1500 311 1582 angustis,
347 1502 479 1564 auribus
512 1500 697 1583 adplicatiS,
732 1501 899 1583 [angusta]
932 1500 1010 1564 iuba
1039 1502 1163 1585 crebra,

148 1589 248 1671 fusca,
276 1588 445 1671 subcrispo
474 1590 687 1653 subtenuibus
717 1590 823 1666 saetis,
854 1589 1011 1671 inplicata
1029 1591 1063 1653 in
1088 1590 1162 1656 dex·
1177 1614 1203 1654 15

148 1678 300 1741 teriorem
332 1681 457 1760 partem
490 1679 642 1757 cervicis,
675 1680 787 1760 pectus
819 1678 922 1741 latum
957 1681 989 1741 et
1020 1679 1163 1764 plenum,

149 1766 268 1829 umeris
297 1766 388 1848 latis,
416 1771 526 1829 ventre
555 1766 695 1841 modico,
723 1765 843 1829 lumbis
871 1766 1020 1830 deorsum
1049 1790 1163 1834 versus

148 1854 280 1936 pressis,
305 1855 445 1937 scapulis
463 1854 549 1936 latis,
572 1855 666 1938 spina
685 1853 824 1917 maxime
844 1855 973 1939 duplici,
997 1856 1164 1942 siminus,

148 1964 211 2015 non
244 1943 378 2023 extanti,
416 1941 496 2006 coda
529 1944 637 2026 ampla
670 1942 851 2025 subcrispo,
885 1944 1031 2008 cruribus
1064 1946 1162 2010 rectis

150 2031 338 2114 aequalibus
367 2032 451 2094 intro
480 2052 592 2094 versus
620 2032 728 2112 potius
752 2030 914 2113 figuratis,
945 2033 1081 2115 genibus
1108 2057 1162 2099 ru·
1176 2058 1204 2098 so

149 2117 258 2182 tundis
272 2139 312 2181 ne
327 2120 468 2203 magniS,
483 2119 613 2202 ungulis
630 2120 731 2183 duris:
755 2121 825 2182 toto
841 2142 974 2204 corpore
989 2126 1026 2186 ut
1043 2120 1164 2187 habeat

148 2228 259 2287 venas,
278 2228 359 2289 quae
375 2208 589 2272 animadverti
602 2209 740 2292 possint,
754 2208 839 2290 quod
854 2211 908 2290 qui
921 2211 1055 2275 huiusce
1075 2212 1164 2277 modi

150 2296 204 2376 sit,
229 2297 289 2376 [et]
313 2317 386 2359 cum
409 2300 460 2360 est
482 2318 588 2380 aeger,
613 2298 652 2360 ad
672 2296 863 2360 medendum
887 2298 1054 2382 adpositus
1079 2302 1163 2380 [cor-

120 2396 227 2468 65515
251 2385 378 2466 multo].
416 2385 454 2448 de
478 2386 578 2468 stirpe
603 2387 712 2469 magni
735 2386 871 2449 interest
893 2409 957 2470 qua
976 2387 1051 2469 sint,
1076 2391 1163 2474 quod

150 2494 269 2558 genera
288 2477 364 2537 sunt
383 2474 494 2538 multa.
522 2475 630 2556 itaque
650 2476 690 2538 ab
710 2474 771 2538 hoc
790 2475 915 2539 nobiles
936 2498 954 2539 a
973 2478 1162 2560 regionibus
1177 2499 1205 2540 25

150 2563 313 2644 dicuutur,
343 2562 377 2624 iu
406 2561 540 2627 Graecia
568 2562 748 2626 Thessalici
779 2563 853 2646 equi
880 2585 901 2627 a
930 2564 1100 2649 mesella,
1128 2569 1164 2632 15

239 2719 312 2789 151]
333 2718 372 2772 515
416 2719 555 2772 arctatos
602 2719 731 2772 5155551
751 2735 799 2771 sex
818 2718 970 2774 obseruata
1011 2725 1162 2795 tequom]

149 2806 284 2858 equorum
356 2788 391 2842 de
410 2805 459 2843 om.
534 2789 658 2843 ‘luallos
732 2795 853 2858 9equos
870 2791 1027 2846 admissura
1099 2795 1164 2864 lege

151 2868 182 2914 11
204 2860 368 2929 congruenti
386 2861 519 2929 (congrue
538 2879 576 2913 nu
600 2862 761 2930 apographa
783 2863 944 2928 recentiora)
1035 2879 1050 2917 5
1068 2865 1163 2936 pullo]

149 2949 164 2984 5
188 2929 266 3000 pulio
378 2938 409 2984 15
433 2932 510 2984 15515
536 2930 626 3001 (fusca
649 2931 686 3000 V)
709 2931 852 3000 subcripta
876 2932 1069 2988 subtenuimus
1094 2936 1164 2993 satis

151 3007 183 3055 15
202 3000 377 3071 inpublicata
400 3001 557 3070 (implicata
580 3001 618 3071 V)
693 3008 723 3055 11
749 3000 878 3056 deorsum
901 3019 997 3058 uersus
1022 3005 1165 3072 (deorsum

148 3090 260 3127 uersum
285 3072 323 3141 V)
408 3078 443 3126 20
461 3072 583 3141 figurata
667 3080 701 3127 22
721 3075 838 3142 possunt
857 3073 932 3142 quod
950 3074 1066 3130 huiusce
1085 3079 1165 3132 modi

148 3150 183 3198 25
202 3143 251 3213 51)]
271 3142 308 3196 ad
380 3148 414 3196 26
432 3143 575 3199 1555551151
595 3146 660 3211 equi
678 3162 695 3198 a
718 3148 793 3198 terra
816 3145 911 3213 apulia
934 3145 1033 3201 brosea
1051 3150 1164 3203 roseani

241 3274 255 3321 1
276 3285 358 3323 cavos
377 3267 557 3323 Scbaeidarus
633 3274 648 3322 2
668 3271 781 3323 renatos
798 3285 814 3322 5
891 3269 1042 3323 51555555
1062 3289 1096 3324 ex
1114 3271 1164 3326 ob

151 3342 298 3395 55555155
371 3345 470 3392 teum
489 3356 590 3406 equum
609 3356 657 3394 mv
718 3342 846 3393 'luastos
865 3356 912 3393 mc
972 3341 1043 3394 9ad
1062 3341 1164 3396 admis-

151 3427 278 3465 suramu
343 3410 437 3478 legere
457 3413 569 3478 oportet
586 3426 633 3464 mu
701 3415 732 3463 11
752 3426 767 3463 5
787 3410 911 3478 pullum
965 3416 998 3465 15
1019 3413 1165 3482 subcrispo

150 3481 333 3536 subtenuibus
353 3479 456 3535 551155
532 3486 566 3534 22
585 3481 693 3548 possint
712 3497 727 3535 5
809 3479 884 3550 quod
902 3481 952 3550 qui
968 3483 1165 3538 huiuscemodi

151 3553 188 3607 sit
207 3554 354 3607 [ricaudus
