2430 3952
285 205 416 261 RERVM
435 207 673 264 RVSTIOARVM
691 209 757 264 LIB.
776 209 815 263 Ill
834 217 850 264 2
1015 211 1079 274 127

63 372 117 416 me
140 350 277 416 absente
299 354 439 437 patrono
463 350 607 435 hospitio
631 354 819 437 accipiebat,
841 355 876 418 in
894 377 995 420 annos
1016 357 1080 420 sin-

64 441 160 525 gulos
187 440 260 524 plus
288 441 516 525 quinquagena
545 442 637 505 milia
665 443 784 507 ovilla
806 465 920 526 capere
944 444 1080 509 dicebat.

64 529 150 593 Axio
169 528 353 612 admiranti,
376 527 472 595 (lente
490 531 587 612 nosti,
610 531 752 614 inquam,
775 536 969 596 materterae
990 553 1079 597 meae

63 617 210 702 fundum,
241 618 275 682 in
306 615 433 682 Sabinis
467 619 522 702 qui
554 622 604 682 est
636 620 677 683 ad
709 623 860 703 quartum
891 622 1079 686 vicesimum

35 705 204 791 olapidem
237 706 291 771 via
321 704 447 770 Salaria
479 730 498 770 a
525 707 637 773 Roma.
684 708 825 784 Quidni?
870 710 989 793 inquit,
1021 710 1130 779 ubire

62 798 188 859 aestate
212 794 296 859 diem
319 795 453 859 meridie
477 795 619 860 dividere
647 797 783 880 soleam,
812 819 883 861 cum
914 820 952 862 eo
975 799 1078 863 Reate

61 904 102 947 ex
132 883 214 948 urbe
246 886 312 965 aut,
344 905 417 948 cum
450 884 524 947 inde
557 884 650 948 venio
682 885 797 968 hieme,
828 890 927 951 noctu
959 909 1079 971 ponere

62 974 180 1038 castra.
225 971 332 1055 Atque
359 973 394 1036 in
421 972 482 1036 hac
509 974 588 1037 villa
616 973 671 1056 qui
699 979 749 1038 est
779 975 945 1058 ornithon,
973 998 1011 1040 ex
1039 999 1077 1040 eo

61 1081 127 1125 uno
165 1060 307 1146 quinque
345 1060 436 1124 milia
475 1061 541 1125 scio
575 1063 701 1126 venisse
732 1064 903 1127 turdorum
935 1065 1076 1128 denariis

23 1149 174 1234 uternis,
197 1153 234 1214 ut
258 1149 429 1234 sexaginta
452 1149 543 1212 milia
566 1171 604 1214 ea
627 1173 703 1237 pars
726 1151 903 1216 reddiderit
925 1174 962 1217 eo
991 1174 1076 1216 anno

58 1237 167 1320 villae,
187 1238 238 1302 bis
251 1241 380 1302 tantum
395 1260 491 1321 quam
506 1242 581 1302 tuus
601 1239 717 1303 fundus
737 1241 911 1306 ducentum
928 1243 1077 1326 iugerum

58 1325 162 1400 Reate
189 1326 304 1391 reddit.
350 1326 456 1403 Quid?
494 1328 678 1410 sexaginta,
706 1329 811 1413 inquit
838 1330 954 1413 Axius,
987 1352 1077 1395 sexa·

58 1416 159 1499 ginta,
179 1415 371 1499 sexaginta?
401 1415 534 1479 derides.
572 1413 756 1500 Sexaginta,
779 1418 922 1500 inquam.
960 1419 1014 1483 sed
1035 1419 1127 1484 adlss

56 1503 145 1569 hunc
169 1504 280 1569 bolum
302 1508 339 1568 at
359 1505 542 1587 pervenias,
570 1525 650 1586 opus
680 1505 740 1568 erit
767 1506 828 1569 tibi
857 1510 913 1570 aut
943 1508 1075 1590 epulum

19 1611 44 1652 rs
57 1596 118 1657 aut
139 1593 324 1676 triumphus
348 1592 494 1675 alicuine,
516 1598 553 1655 ut
575 1596 652 1656 tunc
674 1593 738 1656 fuit
761 1591 921 1676 Scipionis
941 1594 1072 1672 Metelli,

57 1685 117 1746 ant
144 1682 355 1764 collegiorum
383 1702 494 1764 cenae,
526 1703 608 1765 quae
634 1703 720 1745 nunc
749 1682 999 1746 innumerabiles
1023 1705 1075 1747 ex-

56 1769 284 1835 candefaciunt
302 1791 465 1833 annonam
484 1770 620 1834 macelli.
660 1770 792 1853 reliquis
811 1772 904 1834 annis
924 1771 1074 1835 omnibus

56 1862 90 1923 et
114 1857 198 1922 hano
222 1858 406 1941 expectabis
430 1880 600 1940 summam,
623 1863 651 1922 ct
674 1880 783 1942 spero,
805 1881 871 1924 non
895 1861 957 1923 tibi
982 1860 1074 1925 deco-

56 1951 136 2031 quet
164 1948 256 2027 [non]
286 1946 454 2030 ornitlron3
491 1968 595 2030 neque
624 1947 688 2011 hoc
711 1948 829 2012 accidit
850 1948 903 2012 his
927 1949 1074 2014 moribus

15 2055 41 2096 ro
54 2035 123 2100 nisi
140 2056 215 2099 raro
233 2039 270 2098 ut
290 2035 469 2118 decipiaris.
494 2039 611 2118 quotus
631 2037 766 2121 quisque
784 2037 871 2101 enim
890 2042 940 2101 est
959 2059 1074 2120 annus,

55 2146 121 2209 quo
148 2145 215 2187 non
241 2123 351 2188 rideas
380 2124 510 2207 epulum
539 2128 596 2187 aut
623 2126 825 2208 triumphum
855 2131 912 2190 aut
936 2128 1074 2211 collegia

53 2234 124 2277 non
151 2211 276 2295 epulari
305 2214 400 2296 [qnae
427 2233 512 2276 nunc
542 2213 794 2277 innumerabiles
817 2215 992 2279 incendunt
1016 2237 1074 2279 an-

53 2300 213 2381 nonamJ?
251 2297 314 2364 Sed
334 2304 468 2384 propter
486 2301 655 2382 luxuriam,
679 2301 793 2384 inquit,
817 2303 957 2386 quodam
977 2303 1072 2367 modo

55 2389 188 2473 epulum
217 2388 415 2453 cotidianum
445 2392 494 2452 eat
520 2389 607 2453 intra
634 2390 749 2453 ianuas
777 2390 909 2454 Romae.
954 2389 1071 2454 Nonne
1085 2399 1124 2456 17

10 2498 38 2541 aa
54 2479 135 2543 item
162 2477 198 2542 L.
217 2477 394 2560 Abuccius,
425 2478 540 2562 homo,
571 2482 607 2541 ut
635 2478 741 2560 scitis,
773 2479 919 2563 adprime
952 2478 1074 2562 doctus,

54 2567 148 2633 cuius
171 2566 338 2631 Luciliano
362 2567 548 2630 charactere
572 2570 647 2630 sunt
670 2566 782 2650 libelli,
808 2567 937 2631 dicebat
959 2567 992 2630 in
1016 2566 1074 2631 Al-

54 2657 143 2722 bano
167 2654 302 2720 fundum
326 2677 420 2719 sunm
442 2655 649 2737 pastionibus
673 2677 800 2738 semper
823 2657 908 2720 vinci
930 2656 1073 2721 avilla?

26 2760 172 2830 'agrum
200 2745 287 2810 enim
315 2744 422 2807 minus
446 2744 555 2807 decem
579 2744 669 2807 milia
692 2745 834 2826 reddere,
863 2745 976 2809 villam
999 2745 1072 2827 plus

53 2835 178 2899 vicena.
225 2834 310 2897 idem
334 2833 508 2897 secundum
532 2854 630 2915 mare,
654 2854 716 2915 quo
741 2834 811 2897 loco
834 2833 942 2916 vellet,
966 2834 993 2897 si
1017 2856 1074 2917 pa-

148 3061 180 3109 14
198 3056 295 3111 bolum
314 3057 460 3126 peruenias
512 3064 544 3112 16
563 3059 649 3129 nunc]
669 3060 735 3112 tunc
783 3065 815 3114 18
836 3076 974 3113 summam
993 3076 1073 3129 spero

55 3132 89 3180 19
112 3126 222 3180 accedit
295 3128 446 3198 namquid

146 3345 179 3393 13
199 3340 248 3394 sed
266 3343 298 3395 nt
317 3341 351 3395 ad
371 3341 445 3395 hunc
463 3341 560 3396 bolum
579 3342 727 3411 peruenias
747 3343 894 3397 Iucundos
964 3348 996 3397 18
1017 3358 1072 3396 non

50 3410 108 3465 tibi
128 3410 266 3479 decoquet
281 3411 413 3468 ornithon
429 3413 565 3468 Gcencras
604 3419 635 3467 19
652 3412 756 3467 accidit
777 3414 916 3469 Victoriae
951 3419 984 3467 22
1000 3430 1071 3481 quae

50 3498 129 3536 nunc
158 3481 376 3538 innumerabiles
409 3483 563 3538 incendunt
596 3500 736 3539 annonam
762 3485 877 3539 delenda
904 3500 958 3539 csse
984 3484 1071 3553 ripoi-

49 3553 149 3622 ficaeit
168 3552 348 3609 Schneideras
