2430 3952
298 233 428 286 RERVM
446 231 683 287 RVSTICARVM
702 233 771 287 LIB.
787 233 826 286 III
841 240 945 288 16-17
1065 233 1129 297 163

115 381 211 460 atque
240 378 472 459 obstupescunt
498 381 658 461 potantes.
706 379 734 441 si
763 400 801 442 ex
829 379 901 442 alvo
930 379 1037 441 minus
1068 379 1129 442 frc-
1141 387 1182 445 36

115 471 248 549 quentes
273 467 413 530 evadunt
442 488 479 530 ac
508 467 646 530 subsidit
671 468 780 550 aliqua
803 489 888 550 pars,
911 467 1132 550 subfumigan-

115 556 190 618 dum
220 562 253 618 et
280 577 381 638 prope
410 554 634 637 adponendum
662 556 743 619 benc
776 557 934 619 olentium
957 555 1132 619 herbarum

115 644 254 708 maxime
290 646 468 728 apiastrum
504 650 537 708 et
566 643 724 727 thymum.
774 645 1009 727 providendum
1037 643 1182 712 rebe-37

24 772 26 776 -
88 737 240 796 ementer
262 755 302 797 ne
326 738 460 816 propter
483 737 611 796 aestum
634 737 691 796 aut
713 737 847 816 propter
865 732 970 818 frigus
991 733 1131 815 dispere-

115 827 179 887 ant.
226 822 253 885 si
278 822 405 905 quando
431 822 538 886 subito
563 822 660 884 imbri
682 822 716 885 in
740 826 837 905 pastu
861 836 938 886 sunt
957 843 1131 904 oppressae

116 916 172 973 aut
189 908 311 993 frigore
331 911 448 988 subito,
472 914 646 992 antequam
671 911 762 993 ipsae
781 910 983 993 providerint
1001 911 1035 973 id
1053 909 1132 993 fore,

116 999 200 1081 quod
234 999 350 1063 accidit
381 1021 454 1063 raro
488 1003 525 1062 ut
558 998 776 1081 decipiantur,
814 1005 846 1063 et
878 999 991 1062 imbris
1030 999 1132 1083 guttis

114 1086 268 1151 uberibus
293 1088 433 1151 offensae
461 1089 568 1152 iacent
590 1092 789 1170 prostratae,
819 1095 854 1150 ut
877 1087 1028 1169 effliotae,
1056 1109 1130 1150 con·

74 1200 99 1237 10
114 1177 279 1260 ligendum
309 1198 363 1239 eas
392 1178 426 1238 in
451 1198 508 1240 vas
532 1177 664 1259 aliquod
688 1182 720 1240 ct
743 1176 964 1260 reponendum
986 1176 1130 1239 intecto

116 1266 187 1327 loco
212 1287 249 1327 ac
271 1264 392 1346 tepido,
415 1265 562 1346 proximo
587 1264 637 1328 die
661 1287 758 1349 quam
777 1265 916 1328 maxime
935 1267 1131 1347 tempestate

116 1354 202 1415 bona
225 1353 331 1415 cinere
355 1352 441 1416 facto
466 1375 482 1416 e
505 1352 652 1416 ficulneis
677 1353 776 1436 lignis
803 1353 1002 1417 infriandum
1032 1353 1130 1436 paulo

115 1442 192 1523 plus
216 1441 307 1504 caldo
336 1462 432 1524 quam
463 1440 631 1523 tepidiore.
677 1441 791 1505 deinde
815 1442 1062 1505 concutiendum
1086 1443 1129 1504 le-

116 1531 199 1593 viter
220 1530 293 1613 ipso
318 1551 405 1610 vaso,
428 1534 465 1592 ut
487 1552 584 1594 manu
608 1551 674 1593 non
697 1535 826 1615 tangas,
850 1535 883 1593 ct
905 1530 1072 1612 ponendae
1095 1530 1130 1593 in

75 1641 101 1680 15
117 1619 193 1684 sole.
240 1639 321 1701 quae
355 1619 440 1681 enim
473 1618 518 1682 sic
547 1618 791 1701 concaluerunt,
826 1620 1004 1681 restituunt
1034 1640 1066 1681 se
1095 1639 1132 1682 ac
1142 1626 1184 1683 38

115 1708 327 1789 revivescunt,
359 1714 396 1769 ut
428 1709 513 1771 solet
545 1707 697 1771 similiter
728 1707 800 1778 fieri
832 1707 867 1770 in
900 1706 1019 1770 muscis
1049 1729 1133 1790 aqua

114 1797 246 1860 necatis.
300 1796 362 1859 hoc
395 1795 575 1859 faciendum
610 1796 785 1859 secundum
819 1797 922 1878 alvos,
954 1799 991 1858 ut
1022 1816 1132 1859 recon-

114 1886 243 1948 ciliatae
267 1885 306 1947 ad
331 1907 424 1949 suum
448 1907 593 1968 quaeque
617 1907 697 1968 opus
723 1890 755 1947 et
773 1885 971 1949 domicilium
990 1885 1130 1948 redeant.

203 1973 332 2036 Interea
359 1974 443 2037 redit
470 1975 510 2037 ad
538 1996 597 2037 nos
625 1973 714 2038 Pavo
738 1981 784 2057 et,
818 1971 851 2037 Si
874 1973 988 2055 vultis,
1016 1972 1215 2056 inquit,le

76 2086 101 2124 20
116 2083 251 2124 ancoras
280 2061 409 2142 tollere,
437 2063 513 2125 latis
542 2063 663 2126 tabulis
693 2062 823 2128 sortitio
847 2064 885 2126 fit
908 2063 1066 2143 tribuum,
1095 2083 1131 2126 ac

116 2150 222 2231 coepti
251 2152 327 2210 sunt
356 2170 375 2211 a
403 2170 562 2231 praecone
590 2150 703 2232 recini,
732 2173 827 2233 quem
858 2173 1001 2234 quaeque
1024 2152 1131 2214 tribus

115 2238 230 2300 fecerit
258 2234 402 2301 aedilem.
456 2237 581 2319 Appius
610 2237 781 2300 confestim
809 2240 927 2321 surgit,
954 2243 990 2301 ut
1012 2239 1131 2302 ibidem

116 2325 286 2390 candidato
322 2346 380 2388 suo
414 2325 636 2409 gratularetur
668 2345 706 2388 ac
738 2326 916 2389 discederet
945 2327 979 2389 in
1009 2326 1132 2392 hortos

115 2414 250 2491 Merula,
270 2413 416 2477 Tertium
434 2417 542 2477 actum
558 2415 595 2478 de
611 2414 817 2498 pastionibus
837 2413 990 2478 villaticis
1009 2420 1133 2498 postea,

76 2525 101 2565 25
116 2504 229 2588 inquit,
253 2504 315 2566 tibi
339 2503 480 2585 reddam,
504 2502 576 2567 Axi.
623 2499 901 2586 Consurgentibus
925 2502 1006 2585 illis,
1029 2502 1131 2566 Axius

115 2593 195 2656 mihi
209 2593 468 2675 respectantibus
482 2592 586 2671 nobis,
606 2591 692 2674 quod
706 2596 738 2654 et
757 2592 965 2656 candidatum
985 2598 1133 2655 nostrum

116 2690 287 2744 venturum
320 2681 513 2761 sciebamus,
545 2680 621 2745 Non
655 2681 786 2762 laboro,
819 2680 933 2763 inquit,
965 2679 1026 2743 hoc
1060 2680 1131 2744 loco

116 2771 304 2833 discessisse
329 2768 508 2834 Merulam.
563 2770 688 2853 reliqua
722 2769 809 2832 enim
841 2769 907 2831 fere
945 2768 1024 2831 mihi
1055 2773 1132 2832 sunt
1164 2776 1183 2832 2

25 2914 40 2923 .
115 2864 202 2941 nota,
227 2858 321 2940 quod,
344 2880 418 2921 cum
441 2858 637 2942 piscinarum
662 2879 782 2942 genera
806 2858 871 2920 sint
894 2857 967 2936 duc,
990 2857 1132 2921 dulcium

205 3056 220 3102 2
241 3048 459 3116 subfumigando
534 3053 565 3101 11
584 3047 712 3117 proximo
737 3047 795 3119 die]
819 3065 948 3118 promum
968 3065 982 3102 e
1003 3048 1048 3102 die
1066 3054 1133 3104 uota

115 3123 207 3174 mendi
234 3121 363 3187 adposita
436 3125 468 3172 12
497 3119 574 3172 facta
647 3125 680 3172 17
709 3120 819 3189 negatis
891 3118 1071 3174 reconciliare
1097 3119 1134 3172 ad

116 3209 198 3243 usum
228 3208 338 3258 quaque
368 3189 576 3260 (reconciliatae
606 3191 641 3243 ad
672 3207 751 3244 suum
776 3208 902 3259 quaeque
927 3191 965 3258 V)
1040 3196 1072 3243 19
1090 3191 1131 3242 in-

118 3262 184 3328 quid
204 3260 339 3315 anehcres
406 3269 439 3315 21
459 3261 558 3315 recinii
625 3268 659 3314 22
679 3261 797 3316 fecerint
860 3261 961 3330 appius
978 3261 1077 3330 (Apins
1092 3258 1131 3328 V)

118 3338 151 3384 29
172 3332 239 3402 sint]
259 3335 324 3384 sunt

206 3515 221 3562 2
247 3508 483 3575 suffumigandum
506 3527 522 3563 o
597 3516 628 3563 12
653 3509 767 3563 factor>
841 3514 872 3561 21
898 3507 987 3562 recini
1009 3508 1133 3577 Scaliger

117 3586 150 3633 29
171 3581 228 3634 sint
247 3581 301 3634 duo
321 3580 469 3635 Iucundos

919 3667 972 3721 11*
