2430 3952
157 186 220 250 146
570 186 756 242 VARRONIS

154 332 262 417 pinnis
287 335 320 395 et
343 353 359 395 e
384 332 485 396 cauda
507 331 649 396 farciunt
670 331 820 411 turundis
839 328 1026 395 hordeaceis
1045 333 1169 415 partim

154 420 306 483 admixtis
332 421 376 500 [e]
401 420 506 483 farina
528 420 678 485 lolleacia
702 423 759 483 aut
782 420 902 482 semine
930 419 989 482 lini
1016 440 1054 482 ex
1083 441 1169 504 aqua

154 508 248 574 dulci.
290 509 339 572 bis
363 507 414 571 die
437 509 546 572 cibum
570 508 656 591 dant,
679 508 889 572 observantes
913 528 952 571 ex
974 506 1169 590 quibusdam

154 597 256 680 signis
289 599 326 660 ut
360 597 449 679 prior
485 598 528 660 sit
561 600 743 678 concoctus,
786 601 957 680 autequam
991 596 1168 662 secundum

153 684 239 748 dent.
290 685 366 749 dato
395 685 481 767 cibo,
509 706 606 769 quom
634 688 873 768 perpurgarunt
900 687 1012 768 caput,
1041 706 1166 769 nequos
1193 713 1206 754 s

152 772 272 837 habeat
294 773 401 856 pedes,
424 795 535 837 rursus
560 795 614 837 eas
637 772 839 837 concludunt.
880 771 943 836 hoc
965 772 1090 836 faciunt
1113 796 1167 838 us-

101 869 215 945 21que
240 861 279 925 ad
298 861 366 925 dies
385 880 471 926 xxv:
495 865 572 925 tunc
596 861 730 944 denique
749 860 886 944 pingues
904 861 996 924 fiunt.
1033 860 1166 944 quidam

153 953 186 1013 et
213 949 341 1014 triticeo
369 971 452 1032 pane
480 950 594 1013 intrito
624 949 812 1033 inaquam,
840 949 943 1013 mixto
972 949 1048 1013 vino
1078 949 1165 1014 bono

153 1042 186 1101 et
210 1038 356 1121 odorato,
379 1037 530 1119 farciunt,
553 1038 600 1101 ita
620 1041 657 1100 ut
675 1037 787 1100 diebus
806 1055 854 1100 xx
873 1037 1011 1120 pingues
1029 1037 1167 1103 reddant

153 1148 190 1190 ac
213 1132 350 1190 teneras.
398 1126 424 1189 si
447 1127 481 1188 in
503 1125 667 1189 farciendo
691 1125 791 1189 nimio
815 1124 887 1189 cibo
911 1125 1094 1209 fastidiunt,
1116 1147 1164 1190 re·
1179 1153 1205 1194 ro

152 1214 345 1277 mittendum
372 1214 407 1276 in
435 1214 565 1277 datione
588 1234 648 1295 pro
672 1215 829 1297 portione,
858 1229 895 1277 ac
918 1212 1027 1277 decem
1049 1214 1165 1297 primis

150 1302 318 1385 processit,
344 1301 379 1364 in
401 1302 636 1384 posterioribus
659 1305 696 1365 ut
715 1302 879 1367 deminuat
897 1301 1009 1366 eadem
1027 1302 1165 1385 ratione,

150 1394 187 1453 ut
211 1389 380 1454 vicesimus
404 1389 472 1454 dies
497 1395 529 1456 et
550 1391 675 1475 primus
699 1393 764 1454 sint
785 1412 889 1474 pares.
931 1389 1044 1454 eodem
1067 1391 1164 1455 modo

150 1478 322 1561 palumbos
345 1478 485 1543 farciunt
508 1501 545 1544 ac
568 1479 706 1543 reddunt
729 1479 877 1562 pingues.

115 1582 141 1635 Χ
239 1565 369 1649 Transi,
397 1569 503 1651 inquit
526 1566 643 1650 Axius,
669 1567 811 1631 nuncin
834 1567 912 1630 illud
935 1587 1053 1651 genus,
1077 1567 1163 1651 quod
1177 1595 1202 1638 15

149 1676 215 1719 non
240 1658 290 1720 est
312 1656 407 1737 [ulla]
436 1657 514 1720 villa
542 1677 578 1720 ac
605 1659 692 1719 terra
715 1659 915 1738 contentum,
946 1654 1002 1719 sed
1025 1657 1164 1741 requirit

149 1743 302 1828 piscinas,
326 1743 411 1828 quod
435 1767 492 1809 vos
515 1743 715 1828 philograeci
737 1743 861 1808 vocatis
881 1743 1093 1827 amphibium.
1129 1745 1164 1809 in

151 1832 267 1916 quibus
296 1834 350 1897 ubi
379 1854 509 1898 anseres
537 1833 681 1916 aluntur,
706 1852 814 1913 praeco
840 1831 972 1896 nomine
1002 1831 1163 1898 chenobo-

150 1920 240 1984 seion
272 1920 455 2004 appellatis.
507 1921 624 1984 horum
656 1940 771 2004 greges
806 1917 913 2002 Scipio
945 1919 1098 1985 Metellus
1129 1925 1164 1986 et

149 2007 193 2072 M.
213 2007 305 2072 Seius
333 2009 455 2072 habent
477 2028 615 2091 magnos
639 2008 772 2092 aliquot.
817 2007 952 2090 Merula,
981 2006 1083 2088 Seius,
1113 2009 1202 2078 inre

150 2096 232 2180 quit,
260 2096 308 2159 ita
335 2115 449 2180 greges
473 2096 662 2180 conparavit
685 2118 850 2180 anserum,
878 2100 915 2160 ut
937 2096 997 2160 hos
1022 2097 1163 2181 quinque

150 2183 270 2267 gradus
299 2185 497 2268 observaret,
526 2207 606 2269 quos
633 2185 667 2248 in
691 2184 821 2267 gallinis
845 2185 920 2249 dixi.
965 2185 1000 2249 hi
1024 2189 1101 2249 sunt
1123 2186 1163 2250 de

150 2292 279 2356 genere,
306 2273 344 2336 de
367 2272 486 2357 fetura,
517 2273 556 2337 dc
580 2273 664 2357 ovis,
692 2274 730 2336 de
759 2273 869 2356 pullis,
900 2271 953 2353 [de
976 2273 1161 2356 anseribus]

120 2361 188 2426 2de
217 2362 339 2445 sagina.
389 2362 530 2444 primum
559 2361 693 2426 iubebat
720 2383 847 2425 servum
874 2360 907 2424 in
936 2361 1072 2446 legendo
1104 2362 1163 2427 ob-

150 2471 278 2515 servare
297 2453 333 2514 ut
352 2455 461 2514 essent
481 2450 581 2533 ampli
599 2453 632 2514 et
650 2450 725 2532 albi,
745 2450 828 2533 quod
847 2451 1035 2535 plerumque
1053 2450 1161 2534 pullos
1176 2479 1201 2520 ra

150 2539 271 2602 similes
300 2538 350 2602 sui
377 2539 508 2602 faciunt.
553 2542 604 2602 est
632 2539 716 2601 enim
740 2540 878 2602 alterum
901 2558 1004 2622 genus
1027 2538 1163 2623 varium,

149 2627 234 2710 quod
253 2627 357 2690 ferum
377 2630 519 2704 vocatur,
537 2648 596 2690 nec
616 2649 686 2690 cum
705 2626 745 2690 iis
760 2627 898 2691 libenter
912 2631 1162 2712 congregantur,

119 2723 208 2780 3nec
232 2716 323 2794 [non]
349 2736 449 2799 aeque
472 2716 509 2779 fit
531 2720 744 2780 mansuetum.
791 2715 958 2780 anseribus
981 2716 1024 2780 ad
1045 2716 1160 2780 admit

238 2893 251 2940 1
272 2886 436 2941 hordeaceis
456 2886 605 2957 (ordeaciis
618 2887 679 2942 Vct
692 2889 829 2943 nonnulla
842 2889 1012 2959 apographo)
1050 2893 1067 2941 4
1081 2889 1160 2944 ante-

148 2959 244 3027 quam]
273 2974 356 3025 quam
429 2964 444 3012 ὅ
473 2960 570 3041 quom]
599 2976 684 3027 quam
756 2967 771 3013 9
796 2956 904 3013 faciunt
976 2964 1009 3012 13
1038 2959 1076 3013 sit
1097 2958 1160 3028 pari

149 3034 182 3082 18
210 3044 312 3097 graeco
340 3046 390 3084 om.
474 3035 507 3083 22
536 3031 567 3083 hr
594 3031 661 3083 sunt
685 3027 717 3096 (ii
744 3029 809 3084 sunt
833 3031 994 3099 apographa
1011 3031 1159 3100 manuue)

148 3105 182 3154 28
201 3102 361 3154 mansuetus
381 3101 525 3155 anseribus
545 3101 756 3155 admittendum.

236 3246 253 3294 4
276 3241 426 3309 antequam
450 3243 602 3296 secundum
625 3242 693 3296 dent
715 3241 894 3296 Schneiderus
970 3246 986 3294 5
1010 3257 1074 3296 cum
1097 3258 1159 3312 per·

146 3317 335 3381 purgarunto
379 3313 569 3367 efarciuntv
621 3318 653 3366 13
672 3312 728 3366 sint
745 3328 827 3381 pares
845 3311 1024 3367 Sebaeidaas
1070 3319 1104 3367 23
1124 3313 1159 3368 de

147 3383 290 3437 anseribus
319 3384 414 3438 delenit
440 3384 585 3439 Iracundus
665 3389 699 3438 28
727 3400 778 3436 nec
806 3398 893 3451 aeque
920 3383 954 3436 fit
979 3385 1160 3438 mansuetum

151 3452 268 3509 Victorii
291 3455 373 3509 editio
395 3456 514 3508 secanda
539 3458 657 3510 α.1543
728 3454 872 3508 anseribus
897 3454 933 3508 ad
951 3453 1159 3508 admittendum

146 3527 256 3594 tempus
279 3525 455 3594 aptissimum
479 3528 522 3579 est
540 3543 557 3579 a
575 3526 688 3592 bruma,
712 3541 776 3577 mox
794 3525 829 3578 ad
848 3524 1012 3594 pariendum
1032 3525 1062 3579 et
1080 3524 1159 3580 incu-
