2430 3952
296 228 425 284 RERVM
443 227 680 285 Rvs'rlcanvn
698 229 834 283 1111111
1029 227 1070 291 77

58 381 96 441 ut
119 375 188 441 sint
209 374 328 458 parvis.
364 354 462 439 tertia
483 395 560 458 pars
583 377 641 458 est,
665 395 728 458 quo
752 374 797 438 sit
820 374 956 439 seminio
976 395 1072 456 quae-

57 464 208 531 rendum.
251 462 313 528 hoc
335 462 467 527 nomine
490 462 576 527 enim
599 463 683 526 asini
706 461 857 526 Arcadici
880 462 914 525 in
937 461 1073 526 Graecia

57 551 236 636 nobilitati,
257 551 293 615 in
310 550 409 616 Italia
426 550 567 633 Reatini,
590 571 690 634 usque
710 572 747 615 eo
771 554 806 614 ut
824 572 896 614 mea
915 550 1073 616 memoria

60 642 174 707 asinus
201 639 338 705 venierit
367 639 525 704 sestertiis
557 639 690 703 milibus
723 641 893 722 sexaginta
924 643 958 704 et
990 659 1073 702 unae

28 729 239 814 squadrigae
267 726 392 793 Romae
424 728 631 792 constiterint
657 728 902 812 quadringentis
932 727 1073 791 milibus.

60 821 181 903 quarta
201 837 278 901 pars
302 819 352 882 eat
375 816 413 881 de
436 817 505 880 iure
527 816 562 879 in
585 816 741 901 parando,
764 838 859 901 quem
883 816 923 880 ad
942 816 1073 880 modum
1086 821 1124 879 15

60 926 224 992 quamque
242 905 397 989 pecudem
416 905 481 969 emi
500 908 651 987 oporteat
669 904 757 968 civili
776 905 854 968 iure.
882 903 969 988 quod
988 904 1074 968 enim

60 994 199 1060 alterius
221 992 295 1076 fuit,
316 993 349 1056 id
372 996 410 1057 ut
432 993 490 1057 fiat
513 1015 630 1075 meum,
652 1013 785 1057 necesse
808 996 858 1058 est
881 992 1005 1077 aliquid
1025 992 1074 1056 in·

59 1083 238 1167 tercedere,
264 1102 369 1165 neque
395 1082 430 1145 in
459 1081 610 1146 omnibus
638 1081 718 1145 satis
742 1085 793 1146 est
820 1081 989 1164 stipulatio
1018 1082 1075 1144 aut

16 1199 46 1239 10
61 1171 182 1237 solutio
196 1191 403 1235 nummorum
417 1169 458 1233 ad
472 1169 684 1234 mutationem
699 1170 830 1235 domini.
862 1171 897 1234 in
911 1170 1075 1253 emptione

61 1260 145 1325 alias
173 1258 394 1338 stipulandum
422 1279 536 1322 sanum
564 1279 652 1342 esse,
687 1259 769 1323 alias
798 1280 815 1322 e
843 1281 922 1324 sano
951 1278 1076 1343 pecore,

61 1349 145 1414 alias
163 1352 323 1413 neutrum.
350 1348 471 1410 alterae
493 1350 603 1432 partes
628 1350 782 1431 quattuor
805 1351 890 1426 sunt,
913 1368 986 1412 cum
1009 1348 1074 1412 iam
1088 1346 1126 1408 16

61 1435 191 1520 emeris,
213 1435 442 1518 observandae,
466 1435 504 1499 de
527 1435 686 1517 pastione,
712 1435 750 1498 de
773 1434 889 1517 fetura,
913 1434 951 1498 dc
973 1435 1076 1499 nutri·

61 1529 150 1608 catu,
173 1525 212 1588 de
235 1524 384 1589 sanitate.
420 1523 575 1607 pascendi
598 1524 721 1606 primus
740 1523 831 1587 locus
851 1523 907 1608 qui
925 1525 983 1603 est,
1008 1523 1076 1586 eius

18 1612 149 1679 roratio
180 1612 314 1696 triplex,
350 1613 384 1675 in
412 1634 476 1695 qua
506 1611 638 1696 regione
671 1633 831 1695 quamque
868 1611 1077 1694 potissimum

61 1722 180 1787 pascas
203 1704 237 1765 ct
260 1701 387 1784 quando
412 1704 446 1764 et
469 1703 537 1785 qui,
560 1703 598 1763 ut
621 1721 733 1783 capras
758 1700 792 1763 in
815 1699 997 1764 montuosis
1020 1720 1076 1781 po-

61 1791 130 1855 tius
152 1789 232 1854 locis
258 1791 383 1873 [quam]
408 1788 578 1854 fruticibus
603 1810 699 1872 quam
722 1789 757 1851 in
779 1787 923 1852 herbidis
943 1786 1077 1870 campis,

63 1899 164 1963 equas
193 1880 316 1943 contra.
360 1898 469 1961 neque
494 1877 604 1940 eadem
632 1878 704 1941 loca
732 1877 858 1941 aestiva
886 1880 919 1939 et
940 1875 1078 1940 hiberna

62 1967 184 2032 idonea
206 1966 356 2031 omnibus
381 1965 422 2030 ad
444 1964 650 2049 pascendum.
694 1965 804 2050 itaque
829 1985 943 2050 greges
968 1965 1078 2028 ovium

19 2055 162 2140 solonge
195 2054 371 2139 abiguntur
404 2075 443 2117 ex
471 2053 591 2136 Apulia
624 2054 659 2117 in
687 2051 856 2119 Samnium
884 2053 1077 2117 aestivatum

63 2147 163 2227 atque
196 2143 237 2207 ad
264 2142 474 2227 publicanum
500 2142 708 2225 profitentur,
741 2164 798 2226 nc,
830 2142 859 2207 si
886 2141 1078 2225 inscriptum

62 2253 164 2317 pecus
177 2231 337 2315 paverint,
354 2231 426 2316 lege
440 2229 588 2294 censoria
607 2231 812 2295 conmittant.
839 2230 921 2294 muli
940 2251 957 2293 e
971 2229 1078 2293 Rosea
1091 2234 1129 2290 17

63 2320 242 2403 campestri
256 2321 379 2383 aestate
395 2320 568 2403 exiguntur
581 2319 615 2382 in
629 2320 650 2397 †
664 2317 827 2382 Burbures
843 2318 926 2381 altos
942 2319 1079 2381 montes.

64 2409 124 2493 qui
146 2407 355 2491 potissimum
378 2428 523 2491 quaeque
545 2406 707 2490 pecudum
734 2409 902 2488 pascatur,
930 2403 1080 2468 habenda

21 2522 49 2563 aa
63 2495 163 2580 ratio,
191 2517 250 2560 nec
274 2496 378 2560 solum
402 2496 487 2579 quod
511 2495 607 2560 faeno
630 2495 669 2558 fit
692 2497 803 2558 satura
827 2515 908 2576 equa
932 2496 988 2556 aut
1010 2492 1079 2573 bos,

64 2607 140 2651 cum
165 2602 239 2648 sues
266 2584 329 2649 hoo
358 2584 463 2649 vitent
486 2587 518 2647 et
542 2586 699 2667 quaerant
722 2582 887 2668 glandem,
914 2582 971 2645 sed
995 2580 1081 2663 quod

63 2673 227 2739 hordeum
248 2675 282 2736 et
302 2672 380 2737 faba
406 2672 567 2736 interdum
592 2673 635 2736 sit
659 2670 852 2755 quibusdam
876 2669 1081 2735 obiciendum

64 2765 99 2827 et
122 2761 264 2825 dandum
287 2760 392 2825 bubus
415 2760 564 2844 lupinum
587 2763 621 2825 et
638 2759 782 2824 lactariis
805 2759 931 2823 medica
949 2761 982 2823 et
1001 2757 1080 2842 cyti-
1158 2798 1163 2805 -

157 2987 289 3042 2arcadi
362 2985 569 3057 timporando
644 2993 676 3040 10
696 2985 804 3040 domini
828 2986 897 3040 Vici.
917 2992 943 3042 et
979 2986 1082 3040 lamma

66 3060 241 3131 apographa,
260 3057 376 3112 dominii
398 3057 425 3112 V
501 3057 531 3111 in
551 3058 720 3127 emptionem
801 3061 833 3110 11
854 3003 1081 3128 sanumfstatim

67 3137 102 3185 11
126 3145 222 3184 recore
246 3130 358 3198 (pecora
384 3129 412 3184 V
431 3134 456 3184 ct
481 3130 618 3183 manullo
640 3128 811 3198 opoqrapba)
921 3133 953 3182 12
982 3130 1081 3181 neutro

66 3208 102 3257 14
122 3201 245 3271 primum
327 3206 360 3254 17
379 3198 543 3254 fructicibus
628 3205 661 3254 22
681 3198 814 3254 mulieros
834 3199 863 3253 et
880 3197 1048 3267 scampestri

159 3430 372 3488 tarohadicio
463 3435 497 3482 10
514 3429 545 3482 in
563 3428 706 3499 emptione
724 3445 751 3481 m
841 3432 873 3480 11
901 3442 999 3480 sanum
1023 3440 1083 3478 esse

70 3503 215 3630 gpoataprrpsw
268 3508 302 3556 14
320 3503 428 3572 primus
446 3500 525 3557 locus
543 3517 591 3556 mo
645 3504 679 3552 22
698 3497 769 3552 muli
787 3513 802 3552 a
821 3495 913 3552 Rosea
930 3493 1083 3564 campestri
