2430 3952
284 199 414 255 RERVM
432 199 669 256 Rvsrlcnnvn
687 198 754 254 LIB.
768 199 808 254 III
823 204 928 254 14-16
1051 200 1115 265 153

99 343 231 409 drantes
255 345 335 410 coici
356 345 492 429 possint,
517 349 549 408 et
568 344 614 408 sic
633 345 667 408 in
686 343 759 407 aliis
778 343 965 428 regionibus
984 344 1114 410 eaedem

98 432 186 497 inter
210 456 243 498 se
268 434 417 498 conlatae
441 433 583 498 minores
607 454 644 497 ac
668 433 817 498 maiores.
861 432 924 496 hae
949 433 983 496 in
1007 433 1143 498 fetura5

79 579 83 587 .
98 522 233 606 pariunt
248 522 505 587 innumerabilia.
538 543 649 585 earum
668 542 777 585 semen
795 520 955 584 minutum
974 543 1011 585 ac
1029 524 1116 586 testa

98 610 192 674 molli
217 609 428 675 diuturnitate
452 609 644 675 obdurescit.
682 609 810 694 magnis
833 608 949 673 insulis
972 608 1006 673 in
1031 611 1114 673 areis

72 697 197 765 efactis
230 720 386 783 magnum
416 699 528 764 bolum
560 697 708 762 deferunt
743 697 836 762 aeris.
895 696 955 761 has
989 719 1114 781 quoque

99 787 251 870 saginare
275 788 382 852 solent
404 788 464 871 ita,
492 790 529 851 ut
557 787 654 850 ollam
678 806 751 850 cum
773 785 988 850 foraminibus
1012 786 1115 850 incru-

99 878 188 940 stent
212 897 290 958 sapa
315 878 347 939 et
370 876 459 960 farri,
481 875 537 939 ubi
560 878 744 958 pascantur,
767 895 849 958 quae
874 874 1036 939 foramina
1058 875 1115 939 ha·

98 963 184 1045 beat,
206 969 243 1028 ut
265 964 388 1028 intrare
412 985 466 1028 aer
488 962 609 1047 possit:
646 963 741 1027 vivax
770 961 856 1026 enim
883 962 963 1026 haec
990 965 1115 1027 natura.

190 1050 365 1116 Glirarium
390 1055 498 1116 autem
522 1051 672 1116 dissimili
686 1044 821 1115 ‘ratione
844 1050 997 1135 habetur,
1028 1050 1113 1135 quod
1122 1064 1174 1119 XV

57 1167 84 1206 10
100 1161 167 1204 non
191 1162 283 1223 aqua,
307 1140 362 1204 sed
386 1140 526 1205 maceria
544 1139 634 1205 locus
654 1140 814 1223 saepitur:
837 1142 908 1203 tota
925 1138 990 1203 levi
1008 1139 1114 1222 lapide

101 1230 158 1292 aut
180 1229 317 1293 tectorio
340 1228 535 1293 intrinsecus
558 1228 765 1312 incrustatur,
796 1249 837 1291 ne
861 1249 900 1291 ex
924 1248 962 1290 ea
985 1249 1115 1311 erepere

99 1316 214 1399 possit.
264 1318 298 1380 in
326 1337 363 1381 eo
396 1316 584 1380 arbusculas
616 1336 687 1379 esse
720 1319 862 1398 oportet,
895 1337 976 1399 quae
1008 1315 1116 1380 ferant

100 1404 260 1488 glandem.
307 1427 387 1489 quae
416 1427 488 1469 cum
516 1404 658 1468 fructum
685 1425 752 1467 non
783 1403 902 1486 ferunt,
933 1405 1020 1468 intra
1048 1426 1115 1468 ma·

100 1492 217 1557 ceriem
249 1494 353 1557 iacere
386 1495 518 1575 oportet
549 1491 700 1576 glandem
733 1496 766 1555 et
797 1495 999 1575 castaneam,
1030 1492 1114 1555 unde

57 1606 85 1646 15
101 1582 205 1645 saturi
236 1581 327 1647 fiant.
380 1582 486 1645 facere
518 1581 558 1644 iis
591 1601 688 1645 cavos
721 1583 851 1663 oportet
877 1579 1027 1663 laxiores,
1058 1580 1144 1644 ubi2

100 1669 215 1752 pullos
235 1691 349 1751 parere
377 1671 518 1753 possint:
556 1690 673 1752 aquarn
701 1689 771 1732 esse
794 1670 938 1750 tenuem,
969 1667 1054 1751 quod
1078 1689 1116 1732 ea

19 1837 22 1843 .
99 1779 167 1821 non
187 1761 322 1822 utuntur
345 1759 483 1822 multum
506 1761 538 1821 et
561 1757 688 1821 aridum
710 1757 818 1820 locum
841 1757 1009 1839 quaerunt.
1053 1755 1115 1819 hae

102 1846 293 1930 saginantur
311 1847 345 1910 in
369 1846 473 1930 doliis,
492 1868 573 1931 quae
593 1845 692 1910 etiam
711 1844 745 1908 in
764 1843 851 1908 villis
870 1843 992 1907 habent
1011 1845 1117 1926 multi,

101 1956 183 2018 quae
210 1934 300 2018 figuli
329 1935 454 1999 faciunt
481 1935 584 1998 multo
616 1933 710 1998 aliter
738 1935 834 2016 atque
863 1931 942 2016 alia,
971 1932 1057 2015 quod
1081 1932 1116 1996 in

57 2049 86 2087 ro
100 2023 257 2087 lateribus
282 2045 393 2087 eorum
418 2024 551 2087 semitas
574 2022 699 2087 faciunt
722 2025 755 2085 et
779 2043 903 2104 cavum,
926 2020 983 2084 ubi
1008 2020 1115 2085 cibum

100 2113 309 2177 constituant.
337 2112 370 2174 in
392 2111 455 2175 hoc
479 2110 600 2176 dolium
625 2110 747 2174 addunt
769 2110 918 2194 glandem
943 2112 1000 2173 aut
1017 2129 1116 2174 nuces

100 2200 271 2284 iuglandes
301 2203 357 2263 aut
384 2202 578 2265 castaneam.
630 2199 746 2283 quibus
779 2199 811 2260 in
845 2197 1004 2275 tenebris,
1042 2220 1116 2263 curn

101 2290 278 2370 operculum
303 2288 480 2371 inpositum
504 2286 612 2351 estin
636 2286 748 2368 doleis,
766 2286 849 2348 fiunt
870 2287 1018 2369 pingues.

190 2376 330 2459 Appius,
361 2374 469 2461 Igitur
500 2374 709 2458 relinquitur,
742 2373 864 2456 inquit,
896 2372 934 2434 de
966 2372 1115 2454 pastione
1126 2386 1192 2443 XVI

59 2488 86 2529 25
101 2465 246 2529 villatica
273 2465 389 2529 tertius
421 2466 512 2529 actus
537 2465 575 2528 de
599 2462 741 2547 piscinis.
787 2460 871 2536 Quid
894 2459 1031 2524 tertius?
1067 2461 1115 2524 in-

101 2555 171 2636 quit
194 2554 307 2617 Axius.
352 2575 393 2617 an
417 2553 493 2637 quia
515 2555 551 2616 tu
575 2552 691 2616 solitus
716 2571 750 2614 es
769 2549 805 2613 in
824 2548 1041 2613 adulescentia
1059 2552 1116 2612 tua

101 2641 188 2705 domi
217 2643 357 2705 mulsum
385 2663 452 2705 non
479 2640 590 2705 bibere
617 2643 750 2724 propter
776 2637 1027 2722 parsimoniam,
1055 2658 1116 2701 nos

100 2731 165 2793 mel
187 2729 414 2813 neclegemus?
451 2728 579 2812 Appius
602 2729 707 2810 nobis,
730 2726 853 2791 Verum
883 2724 974 2808 dicit,
1000 2724 1115 2809 inquit.

190 2936 328 2990 1eisdam
402 2943 416 2991 7
439 2938 593 3004 pascuntur
616 2952 671 3003 qua
744 2941 775 2988 11
799 2950 852 2988 nec
876 2951 910 2989 ex
928 2950 962 2988 ea
981 2934 1056 3001 Por,
1079 2950 1115 2987 ne

101 3027 135 3064 ex
154 3025 188 3062 ea
213 3024 308 3077 apopr.
382 3011 415 3060 12
441 3009 536 3060 ferunt
558 3006 690 3075 glandem
763 3010 796 3059 15
820 3004 864 3059 his
888 3003 933 3075 (iis
954 3005 1116 3075 apographa

100 3080 247 3147 nonnulla)
325 3078 421 3132 clauos
502 3083 535 3130 16
559 3092 620 3132 essa
642 3078 755 3130 tenuem
777 3092 871 3146 opopr.
895 3081 922 3130 ct
944 3074 1030 3141 Vna,
1057 3090 1115 3129 esse

100 3149 134 3205 iis
153 3151 266 3205 tenuem
285 3150 344 3204 Pol.
401 3155 434 3203 19
454 3148 546 3216 adque
601 3152 634 3201 22
655 3146 820 3200 cumularim
839 3145 964 3216 positum
1017 3151 1053 3198 24
1074 3145 1115 3199 in·

101 3222 168 3289 quid
205 3227 239 3274 26
259 3219 453 3275 adolescentia
471 3217 675 3288 (adulescentia
694 3218 750 3273 cod.
772 3218 851 3284 Par.)
887 3222 922 3271 28
942 3214 1115 3284 neclegimus

190 3394 339 3451 leaedem
362 3396 509 3450 Iracundus
581 3393 694 3448 bacris
718 3394 846 3448 omisitv
921 3392 1113 3459 'ipascantur

100 3485 205 3537 quaec
258 3473 289 3520 12
309 3464 402 3520 ferant
419 3466 550 3535 glandem
569 3466 716 3520 lastardus
766 3468 939 3516 lacunosa
996 3467 1029 3514 22
1049 3477 1113 3516 cum

100 3539 179 3594 aular
197 3538 359 3607 impositum
379 3540 422 3591 est
439 3536 563 3607 Scoliper
634 3540 668 3588 28
686 3533 862 3604 negligemus
881 3533 1028 3588 Iracundus
