2430 3952
151 210 194 273 28
563 204 747 260 VARRONIS

153 353 286 417 omnino
319 374 403 436 aqua
433 373 499 415 non
527 354 577 415 est
605 351 692 427 viva,
724 343 883 415 cisternae
911 349 1077 414 faciendae
1107 349 1169 414 sub

122 460 124 464 ·
152 442 248 505 tectis
277 445 310 505 et
338 442 428 506 lacus
457 441 517 504 sub
547 440 614 523 dio,
647 461 687 502 ex
714 440 816 504 altero
844 439 917 504 loco
944 442 982 503 ut
1010 438 1171 521 homines,

93 546 145 600 XII
156 552 193 594 ex
217 530 320 595 altero
344 533 382 594 ut
404 550 501 613 pecus
519 529 569 592 uti
587 529 701 611 possit
738 527 844 593 danda
863 530 1017 611 operaut
1035 527 1171 611 potissi·

155 641 244 683 mum
268 619 328 682 sub
351 619 512 683 radicibus
531 617 653 681 montis
673 616 834 680 silvestris
852 616 963 681 villam
981 619 1095 699 ponat,
1113 615 1172 681 ubi

153 708 319 791 pastiones
344 708 409 771 sint
432 708 535 788 laxae,
558 707 636 769 item
659 708 696 769 ut
719 709 832 770 contra
856 709 979 789 ventos,
1003 705 1059 787 qui
1083 705 1202 769 salu-c

152 796 285 860 berrimi
313 797 347 860 in
376 816 454 880 agro
482 795 617 861 flabunt.
658 815 739 876 quae
768 795 877 878 posita
901 793 1014 858 estad
1038 799 1173 859 exortos

154 885 415 968 aequinoctiales,
438 884 617 967 aptissima,
642 882 727 966 quod
747 886 872 948 aestate
890 883 991 947 habet
1009 883 1174 967 umbram,

153 973 259 1037 hieme
284 975 394 1039 solem.
432 973 483 1037 sin
506 993 624 1055 cogare
648 971 824 1036 secundum
846 972 965 1036 flumen
989 971 1174 1054 aedificare,

154 1062 331 1126 curandum
359 1083 400 1125 ne
428 1062 596 1126 adversam
625 1082 696 1124 eam
724 1082 841 1143 ponas:
868 1060 975 1124 hieme
1003 1059 1091 1124 e'nim
1114 1060 1175 1125 fiet

125 1150 359 1216 2vehementer
386 1150 505 1234 frigida
532 1154 565 1213 et
588 1153 711 1213 aestate
739 1170 804 1213 non
829 1149 977 1214 salubris.
1023 1147 1205 1214 animad-rr

154 1238 344 1302 vertendum
363 1239 470 1322 etiam,
490 1238 584 1321 siqua
603 1242 697 1302 erunt
715 1236 788 1302 loca
802 1238 970 1321 palustria,
989 1241 1023 1302 et
1036 1241 1175 1321 propter

154 1327 284 1391 easdem
309 1349 437 1410 causas,
465 1331 498 1390 et
522 1326 607 1408 quod
632 1328 808 1406 [arescunt]
839 1330 988 1391 crescunt
1015 1326 1175 1392 animalia

155 1415 314 1498 quaedam
342 1417 482 1496 minuta,
517 1437 598 1498 quae
626 1437 693 1479 non
726 1418 864 1499 possunt
891 1415 976 1479 oculi
1006 1416 1175 1501 consequi,

156 1508 189 1568 et
208 1527 267 1589 per
286 1526 361 1569 aera
379 1505 468 1568 intus
487 1504 521 1567 in
540 1526 656 1587 corpus
675 1525 732 1586 per
752 1526 787 1569 0s
808 1526 845 1568 ac
863 1525 959 1568 nares
977 1505 1174 1586 perveniunt

155 1597 252 1676 atque
276 1593 421 1658 efficiunt
439 1592 579 1657 difficilis
599 1593 739 1657 morbos.
776 1591 974 1674 Fundanius,
993 1592 1077 1669 Quid
1097 1596 1204 1678 potu

156 1704 224 1765 erc,
252 1682 371 1765 inquit,
400 1681 519 1764 facere,
545 1682 573 1745 si
595 1681 689 1745 istius
720 1681 809 1745 modi
832 1682 878 1745 mi
901 1681 1020 1746 fundus
1043 1681 1175 1747 heredi·

155 1771 216 1833 tati
245 1770 425 1854 obvenerit,
454 1792 517 1854 quo
546 1772 652 1833 minus
676 1769 864 1853 pestilentia
891 1769 1029 1835 noceat?
1080 1769 1175 1836 Istuc

155 1859 207 1922 vel
235 1879 296 1943 ego
329 1881 463 1942 possum
491 1858 701 1941 respondere,
734 1859 841 1941 inquit
873 1859 1008 1942 Agrius:
1040 1859 1175 1942 vendas,

23 1971 41 1994 ·
125 1950 237 2030 3quot
268 1948 395 2012 assibus
427 1948 548 2031 possis,
582 1951 638 2010 aut
665 1947 693 2010 si
720 1968 876 2029 nequeas,
903 1947 1079 2031 relinquas.
1126 1948 1175 2013 As

157 2034 283 2121 Scrofa,
314 2036 506 2117 Vitandum,
537 2035 657 2118 inquit,
689 2056 729 2098 ne
757 2037 791 2099 in
820 2058 875 2101 eas
907 2040 982 2120 part
983 2057 1017 2099 es
1045 2039 1206 2120 spectetis

155 2125 246 2208 villa,
274 2125 432 2208 equibus
461 2127 576 2188 ventus
611 2122 741 2208 gravior
773 2125 863 2206 [ex'
853 2125 893 2188 ris
922 2146 981 2207 par
983 2125 1086 2205 tibus]
1117 2125 1174 2190 ad·

156 2212 235 2276 flare
265 2214 381 2295 soleat,
412 2234 493 2276 neve
525 2213 558 2276 in
591 2212 731 2276 convalli
766 2234 846 2277 cava
874 2217 908 2277 et
935 2217 972 2277 ut
999 2213 1175 2295 potiusin
1211 2252 1213 2297 :

158 2301 289 2365 sublimi
312 2263 384 2366 locd
409 2301 572 2384 aedifices,
603 2302 658 2384 qui
682 2301 768 2384 quod
791 2301 960 2384 perflatur,
989 2301 1097 2386 siquid
1122 2307 1213 2367 est

157 2389 243 2473 quod
266 2390 487 2454 adversarium
510 2389 678 2472 inferatur,
700 2390 830 2454 facilius
854 2389 1036 2455 discutitur.
1076 2412 1213 2474 prae-

130 2546 132 2550 ,
156 2483 247 2543 terea
274 2479 359 2562 quod
384 2501 403 2542 a
426 2479 493 2542 sole
520 2483 591 2544 toto
616 2479 667 2542 die
689 2479 844 2542 inlustt
778 2482 844 2543 trat
846 2501 897 2556 ur,
926 2478 1088 2543 salubrior
1112 2472 1213 2585 estnl

160 2567 272 2650 [quod]
306 2570 339 2632 et
370 2567 444 2631 best
430 2567 542 2651 tiolae,
575 2567 687 2650 siquae
719 2589 820 2652 prope
851 2571 1029 2632 nascuntur
1056 2569 1134 2632 et
1123 2590 1175 2633 rn-

157 2655 318 2738 feruntur,
355 2661 412 2720 aut
398 2655 602 2720 tefflantur
637 2660 693 2719 aut
679 2655 890 2721 taritudine
923 2658 989 2721 cito
1025 2660 1176 2740 pereunt.

127 2744 261 2808 4nimbi
285 2743 445 2828 repentini
468 2766 505 2808 ac
524 2747 685 2809 torrentes
708 2743 799 2808 duvii
820 2745 994 2827 periculosi
1016 2746 1094 2829 illis,
1117 2746 1175 2830 qui

247 2959 263 3006 3
283 2951 406 3006 dandam
425 2969 539 3022 operam
629 2958 644 3006 5
664 2953 745 3024 item]
765 2955 807 3008 ita
897 2961 912 3008 9
932 2952 1083 3008 aduersum
1108 2972 1175 3011 eum
1201 2972 1206 2983 ·

160 3030 193 3077 10
212 3023 503 3094 animaduertendum]
524 3025 708 3079 auertendum
751 3030 786 3080 20
804 3024 834 3080 in
853 3041 914 3080 eam
933 3027 1043 3094 partem
1080 3029 1116 3081 23
1136 3027 1194 3097 sip

159 3094 239 3164 quid]
259 3095 359 3163 siquod
430 3100 464 3149 25
485 3097 579 3151 asole
599 3097 646 3165 (ab
666 3096 724 3151 sole
750 3097 787 3165 V)

158 3207 371 3214 ——m

248 3279 263 3326 3
283 3271 376 3327 danda
395 3288 480 3340 opera
497 3289 525 3327 m
625 3280 641 3327 9
662 3274 809 3343 adversum
828 3289 996 3342 componas
1015 3274 1176 3330 Pontedera

159 3344 245 3413 antiq
261 3360 290 3411 p
306 3347 342 3398 99
408 3348 440 3396 10
460 3343 663 3398 aduertsndum
681 3362 708 3399 m
773 3331 804 3397 s2
824 3346 953 3399 arescunt
971 3345 1068 3398 deleuit
1087 3346 1175 3400 Zubl-

158 3416 271 3481 feldta'uc
289 3415 467 3482 quaesterit.
486 3416 518 3468 ia
540 3414 620 3471 Varr.
640 3432 692 3470 rer.
710 3421 777 3470 rust
798 3417 962 3498 libup318
1034 3421 1069 3469 20
1088 3432 1124 3470 no
1144 3417 1175 3470 in

158 3501 207 3610 ιιΙιιε
227 3488 321 3611 pqrtcs
341 3487 450 3554 spectet
468 3483 545 3551 uilla,
565 3485 695 3554 equibus
714 3487 815 3541 uentus
834 3487 947 3556 grauior
966 3486 1062 3541 afflare
1082 3488 1177 3543 soleat

176 3573 249 3611 acan
270 3572 303 3610 as
