2430 3952
151 278 156 285 Ι
267 202 399 258 RERVM
416 201 654 258 Rvsrlcnnm
671 203 738 260 LIB.
757 203 783 257 Il
801 208 872 258 a-a
989 252 992 257 .
1043 204 1086 269 87

160 347 223 415 Oui
246 346 430 432 Cossinius,
457 347 618 424 Quoniam
646 348 727 413 satis
755 349 889 432 balasti,
915 350 1035 432 inquit,
1065 363 1141 417 0111

68 439 230 504 Faustule
248 441 371 519 noster,
394 438 504 520 accipe
523 459 543 502 a
556 459 608 500 me
621 459 706 501 nunc
720 437 895 502 Homerico
908 436 1087 502 Melanthio

69 527 170 593 cordo
184 526 223 590 ds
237 526 387 610 capellis,
406 532 439 589 et
452 547 548 610 quem
562 525 603 589 ad
617 525 748 589 modum
763 528 922 609 [oportet]
946 526 1088 591 breviter

71 619 226 700 oporteat
257 614 379 697 dicore,
414 613 510 679 disce.
560 614 617 698 qni
648 616 816 699 caprinum
847 635 980 698 gregem
1011 636 1088 679 con·

47 706 209 770 istituere
227 703 309 785 vult,
326 703 362 766 in
380 703 530 788 eligendo
550 702 786 766 animadvertat
804 708 932 786 oportet
946 703 1087 786 primum

70 796 224 869 aetatem,
246 796 284 855 ut
302 812 375 856 eam
393 792 497 876 p'aret,
519 813 601 876 quae
622 793 688 855 iam
707 791 793 855 ferre
811 791 917 874 possit
935 792 1086 874 fructum,

70 887 103 947 et
136 881 177 945 ds
206 880 248 944 iis
281 901 353 944 eam
383 880 509 963 potius,
540 901 623 963 quae
656 880 794 944 diutius:
838 880 967 945 novella
999 883 1086 944 enim

70 992 170 1054 quam
188 972 283 1034 votus
302 968 424 1033 utilior.
452 968 492 1033 de
511 968 619 1034 forma
636 969 809 1033 videndum
827 973 865 1032 ut
883 970 950 1033 sint
963 969 1116 1048 firmae,2

69 1080 222 1142 magnac,
244 1078 362 1142 corpus
385 1057 456 1121 leve
479 1062 516 1121 ut
536 1057 695 1140 habeant,
722 1057 835 1121 crebro
858 1056 941 1140 pilo,
969 1057 1034 1120 nisi
1057 1058 1085 1120 si

47 1148 208 1234 oglabrae
237 1152 314 1210 sunt
342 1142 421 1230 (duo
449 1146 537 1209 enim
565 1167 686 1230 genera
713 1142 853 1231 earum):
890 1146 950 1211 sub
979 1148 1087 1210 rostra

69 1237 151 1301 duas
174 1240 213 1299 ut
234 1233 429 1298 mammolas
452 1234 593 1318 pensiles
615 1233 766 1314 habeant,
790 1234 875 1318 quod
899 1256 955 1298 eae
977 1234 1087 1299 fecun-

70 1325 193 1390 diores:
225 1324 325 1387 nbere
357 1323 424 1387 sint
454 1322 637 1406 grandiore,
669 1326 705 1385 ut
737 1328 770 1386 et
801 1324 851 1387 lac
883 1324 1021 1387 multum
1054 1326 1087 1387 et

69 1413 193 1498 pingue
216 1411 360 1475 habeant
382 1431 442 1493 pro
466 1411 631 1495 portione:
671 1411 780 1475 hircus
805 1412 951 1475 molliore
975 1417 1008 1474 et
1030 1432 1086 1495 po·

69 1502 236 1566 tissimum
264 1499 333 1584 pilo
360 1499 437 1564 albo
465 1521 502 1563 ac
525 1500 649 1563 cervice
672 1510 705 1562 et
728 1499 813 1563 collo
836 1500 943 1579 brevi,
966 1519 1085 1583 gurgu-

47 1590 159 1656 slione
178 1590 336 1672 longiore.
372 1588 488 1653 melior
504 1588 544 1652 fit
566 1609 654 1672 grex,
678 1587 706 1651 si
729 1609 794 1651 non
813 1592 863 1651 est
882 1609 920 1651 ex
938 1587 1084 1653 collectis

71 1681 285 1763 conparatus,
318 1676 375 1741 sed
404 1698 444 1740 ex
473 1677 634 1741 consuetis
662 1698 735 1740 una
780 1676 819 1739 de
848 1675 983 1740 seminio
1013 1675 1114 1740 dico3

71 1768 194 1850 eadem,
226 1787 310 1849 quae
342 1764 473 1829 Atticus
505 1766 541 1828 in
572 1765 700 1829 ovibus:
745 1764 808 1828 hoc
840 1764 943 1847 aliter,
976 1765 1085 1828 ovium

71 1877 184 1921 samen
206 1854 331 1918 tardius
355 1876 440 1935 esse,
469 1875 533 1938 quo
557 1876 614 1917 eac
638 1854 704 1917 sint
727 1853 934 1936 placidiores3
971 1857 1085 1918 contra

70 1943 195 2029 caprile
221 1942 374 2007 mobilius
402 1963 487 2023 esse,
519 1941 559 2005 de
587 1964 721 2026 quarum
752 1942 924 2006 velocitate
950 1942 984 2005 in
1013 1940 1084 2006 Ori-

48 2033 188 2118 oginum
209 2030 293 2095 libro
318 2030 400 2096 (lato
424 2031 538 2095 scribit
555 2030 645 2110 haec,
668 2029 714 2093 ‘in
734 2029 882 2096 Sauracti
900 2035 929 2094 et
945 2029 1085 2095 Fiscello

71 2142 190 2206 caprae
222 2120 309 2183 ferae
341 2127 426 2201 sunt,
459 2141 540 2202 quae
572 2120 693 2183 saliunt
724 2140 742 2182 e
775 2142 852 2184 saxo
885 2119 983 2202 pedes
1012 2120 1085 2202 plus

71 2207 275 2293 sexagenos'.
311 2230 389 2273 oves
413 2208 507 2288 enim,
531 2230 612 2291 quas
631 2209 806 2290 pascimus,
829 2214 920 2272 ortae
944 2208 1084 2272 suntab

71 2298 189 2364 ovibus
223 2296 316 2360 feris:
352 2297 399 2360 sic
431 2319 511 2380 quas
539 2296 657 2360 alimus
684 2317 795 2378 caprae
822 2318 842 2359 a
871 2297 977 2380 capris
1007 2296 1085 2360 feris

71 2392 180 2469 ortae,
218 2408 238 2449 a
270 2385 342 2468 quis
374 2390 510 2468 propter
540 2383 673 2448 ltaliam
706 2383 862 2466 Caprasia
894 2384 1000 2448 insula
1034 2387 1084 2447 est

47 2475 250 2541 inominata
295 2473 335 2537 de
365 2474 472 2557 capris
500 2473 585 2557 quod
613 2472 748 2537 meliore
776 2475 898 2536 semine
921 2493 978 2535 eae
1001 2480 1115 2555 quaet

72 2565 121 2629 bis
146 2563 289 2647 pariant,
310 2583 350 2626 ex
372 2562 424 2626 his
445 2563 654 2645 potissimum
673 2583 779 2625 maras
798 2561 905 2625 solent
923 2560 1085 2624 summitti

72 2653 112 2718 ad
141 2652 352 2716 admissuras.
406 2651 538 2734 quidam
570 2651 669 2714 etiam
702 2649 782 2713 dant
814 2671 946 2733 operam
978 2653 1015 2712 ut
1047 2670 1086 2713 ex

163 2866 180 2914 2
204 2860 292 2932 nunc]
322 2876 385 2914 cum
413 2865 476 2925 (con
503 2860 663 2929 opoproplra
691 2860 835 2928 scannello)
917 2863 933 2912 8
961 2858 995 2913 de
1023 2864 1087 2912 ante

71 2932 164 2987 forma
187 2947 238 2985 om.
315 2937 331 2984 9
359 2931 433 3001 lere]
461 2930 524 2984 lene
598 2937 629 2983 11
654 2929 729 2999 quod
752 2932 805 2984 hae
829 2928 915 2998 (quod
938 2945 988 2983 eas
1016 2929 1085 2983 Vict.

72 3009 97 3057 ct
114 3003 279 3074 apographo
296 3003 443 3069 monella)
527 3007 560 3055 13
579 3000 720 3072 molliore]
739 3001 866 3055 mulioris
949 3005 982 3053 14
1000 2999 1086 3054 breue

74 3081 105 3129 16
129 3073 244 3127 siminio
332 3077 368 3127 20
395 3072 424 3126 in
450 3073 572 3126 sauracti
598 3071 704 3127 fiscello
728 3073 767 3140 (in
792 3070 895 3126 soracti
917 3069 1023 3126 fiscello
1047 3071 1085 3138 V)

72 3149 106 3200 23
126 3160 231 3214 caprae
249 3159 300 3197 om.
363 3149 398 3198 26
418 3142 558 3197 summitti
576 3142 743 3197 admissuras
761 3143 911 3212 (summitti
929 3143 965 3196 ad
984 3140 1087 3195 admis-

72 3233 151 3270 suras
166 3215 293 3284 plurima
310 3216 483 3284 apographo)

163 3415 180 3464 8
200 3409 236 3464 de
253 3409 345 3463 forma
362 3427 389 3463 m
407 3415 432 3464 ct
448 3410 634 3479 superscripto
653 3409 687 3462 de
706 3409 763 3463 cod.
779 3407 846 3463 Par.
919 3406 1013 3460 alenc
1036 3405 1087 3459 Ur·

71 3483 152 3538 unus
226 3485 258 3534 13
277 3479 401 3535 molliori
414 3498 440 3534 m
514 3486 548 3534 20
571 3480 601 3533 in
619 3478 748 3534 Sauracti
767 3483 795 3532 et
813 3476 935 3532 Fiscello
955 3476 1088 3532 Glauctas

71 3553 139 3609 Ital.
159 3557 218 3608 ant.
232 3568 263 3622 p.
279 3555 333 3606 545
