2430 3952
133 206 196 270 142
539 202 725 260 VARRONIS

131 351 215 416 xime
247 350 406 414 villaticas
439 349 587 434 gallinas.
642 370 659 412 e
692 348 763 433 quis
795 348 829 412 in
863 347 1009 431 parando
1044 347 1149 432 eligat

131 443 261 523 oportet
283 438 452 521 fecundas,
480 438 668 521 plerumque
691 436 870 502 rubicunda
892 437 1018 522 pluma,
1041 436 1148 520 nigris

131 528 249 613 pinnis,
262 527 431 612 inparibus
447 527 567 611 digitis,
586 526 713 611 magnis
728 526 898 609 capitibus,
917 525 1016 590 erista
1031 527 1148 610 erecta,

101 618 271 702 templas:
294 617 355 680 hae
380 617 466 681 enim
490 616 531 680 ad
553 617 718 699 partiones
743 618 819 680 sunt
842 614 993 698 aptiores.
1039 614 1148 698 gallos

132 707 255 770 salaces
284 706 339 790 qui
367 704 641 788 animadvertunt,
675 704 704 768 si
734 707 810 768 sunt
831 703 994 786 lacertosi,
1015 702 1147 767 rubenti
1172 724 1186 769 c

131 794 239 878 crista,
256 797 363 859 rostro
382 793 473 857 brevi
491 793 588 876 pleno
607 797 713 876 acute,
732 792 834 857 oculis
852 792 941 857 raris
960 795 1017 856 aut
1032 791 1148 876 nigris,

130 883 224 967 palea
246 883 345 947 rubra
368 882 574 946 subalbicant
575 881 599 964 i,
626 881 712 946 collo
735 881 826 946 vario
850 883 907 945 aut
930 880 1073 962 aureolo,
1102 880 1148 944 fe-

132 973 273 1036 minibus
300 971 428 1073 pilosis,
460 971 607 1034 cruribus
637 969 806 1052 brevibus,
835 969 998 1054 unguibus
1027 968 1149 1054 longis,

132 1060 243 1125 caudis
271 1060 414 1145 magnis,
448 1057 672 1160 frequentibus
701 1058 878 1143 pinnis31
867 1059 946 1122 item
980 1057 1036 1141 qui
1068 1057 1148 1123 elati

132 1154 209 1214 sunt
232 1170 269 1212 ac
291 1147 473 1212 vociferant
500 1168 609 1230 saepe,
637 1147 672 1210 in
701 1147 876 1211 certamine
902 1144 1086 1230 pertinaces
1114 1150 1147 1210 et
1160 1170 1186 1210 ιο

132 1238 187 1321 qui
212 1237 365 1300 animalia
388 1257 471 1319 quae
493 1239 612 1300 nocent
635 1235 767 1322 gallinis
790 1257 857 1300 non
877 1234 973 1301 modo
992 1256 1057 1299 non
1076 1256 1147 1318 per·

132 1326 318 1408 timescant,
351 1325 407 1388 sed
439 1324 537 1388 etiam
570 1347 629 1408 pro
660 1324 793 1408 gallinis
825 1327 1043 1408 propugnant.
1088 1344 1149 1388 nec

102 1416 241 1480 stamen
270 1413 468 1496 sequendum
496 1412 530 1475 in
558 1413 692 1477 seminio
723 1413 859 1496 legendo
887 1412 1086 1496 Tanagricos
1115 1415 1148 1476 et

131 1501 264 1566 Melicos
285 1505 318 1566 et
336 1498 550 1585 Chalcidicos,
573 1502 628 1586 qui
651 1502 720 1566 sine
744 1501 841 1566 dubio
865 1505 941 1566 sunt
962 1500 1093 1584 pulchri
1116 1504 1149 1565 et

133 1590 173 1655 ad
196 1590 419 1674 proeliandum
441 1590 527 1654 inter
546 1611 581 1654 se
599 1590 738 1655 maxime
756 1589 873 1673 idonei,
897 1589 954 1654 sed
973 1590 1013 1653 ad
1031 1592 1147 1673 partus
1161 1612 1187 1655 rs

133 1685 208 1743 sunt
232 1679 418 1743 steriliores.
456 1679 482 1742 si
506 1678 660 1743 ducentos
684 1678 770 1742 alere
793 1677 884 1762 velis,
906 1679 996 1743 locus
1016 1681 1148 1762 saeptus

133 1767 378 1850 adtribuendus,
406 1768 439 1830 in
463 1788 526 1850 quo
550 1767 632 1831 duae
656 1787 771 1831 caveae
795 1767 985 1831 coniunctae
1008 1787 1149 1851 magnae

132 1856 391 1938 constituendae,
429 1876 511 1939 quae
544 1858 691 1939 spectent
723 1855 763 1918 ad
796 1856 993 1919 exorientem
1025 1876 1149 1939 versus,

131 1948 287 2027 utraeque
309 1944 343 2006 in
366 1942 604 2027 longitudinem
623 1942 755 2008 'circiter
778 1943 887 2008 decem
910 1943 1042 2028 pedum,
1073 1944 1148 2008 lati·

131 2033 243 2097 tudine
277 2031 409 2096 dimidio
442 2031 597 2112 minores,
630 2034 741 2115 [quam
770 2032 816 2112 in]
846 2031 1019 2097 altitudine
1046 2032 1147 2116 paulo
1161 2056 1187 2098 so

131 2120 332 2184 humiliores:
356 2121 548 2203 inutraque
572 2119 715 2184 fenestra
738 2122 806 2185 lata
828 2120 1006 2205 tripedalis,
1032 2126 1066 2185 et
1090 2142 1147 2185 eae

131 2209 211 2292 pede
240 2208 371 2273 altiores
400 2230 416 2272 e
444 2208 618 2274 viminibus
646 2209 750 2274 factae
778 2210 875 2295 raris,
902 2210 950 2274 ita
977 2213 1014 2274 ut
1036 2210 1147 2274 lumen

130 2297 308 2380 praebeant
331 2297 415 2361 mult
401 2300 470 2361 turn
479 2318 614 2382 ,neque
637 2320 695 2381 per
719 2320 772 2362 eas
796 2299 965 2399 quiequam
988 2297 1035 2362 ire
1058 2298 1146 2364 intro

102 2385 246 2470 lpossit,
269 2408 351 2470 quae
374 2407 488 2450 nocere
512 2388 618 2450 solent
641 2387 831 2472 gallinis'
822 2390 907 2451 mter
857 2387 1004 2451 tduas
1024 2387 1146 2452 ostium

132 2475 187 2558 sit,
219 2497 282 2558 qua
306 2475 512 2560 gallinarius,
539 2475 639 2539 iot
595 2479 639 2540 est
660 2479 788 2539 curator
811 2497 934 2555 earum,
961 2475 1008 2539 ire
1031 2476 1146 2559 possit
1160 2498 1186 2540 ss

130 2563 164 2627 in
197 2564 303 2628 caveis
336 2563 467 2627 crebrae
497 2563 637 2646 perticae
670 2565 824 2628 traiectae
856 2565 932 2649 sint,
963 2566 1000 2627 ut
1033 2585 1145 2629 omnes
1193 2570 1195 2574 '

131 2653 290 2716 sustinere
322 2651 451 2734 possint
485 2651 635 2734 gallinas.
680 2655 793 2716 eontra
827 2616 973 2738 singulas
1002 2652 1145 2736 perticas

130 2741 165 2803 in
197 2740 320 2823 pariete
288 2739 482 2803 texclusa
511 2740 579 2804 sint
607 2741 727 2805 cubilia
755 2762 874 2806 earum.
920 2744 996 2806 ante
1025 2741 1083 2825 sit,
1110 2744 1148 2805 ut

131 2826 207 2910 dixi,
229 2828 427 2892 vestibulum
450 2832 608 2912 saeptum,
630 2829 664 2892 in
688 2851 751 2912 quo
775 2830 889 2894 diurno
908 2834 1056 2914 tempore
1075 2851 1146 2893 esse

130 2916 258 2999 possint
281 2918 377 2999 atque
400 2917 435 2979 in
458 2917 588 2999 pulvere
611 2917 761 2982 volutari.
806 2922 976 3003 praeterea
998 2918 1042 2982 sit
1063 2917 1146 2982 cella
1159 2942 1186 2983 eo

130 3004 277 3089 grandis,
305 3004 337 3067 in
367 3025 430 3087 qua
458 3008 588 3070 curator
610 3005 749 3086 habitet,
777 3007 825 3071 ita
847 3011 884 3071 ut
906 3007 941 3072 in
963 3006 1145 3090 parietibus

131 3094 251 3157 circum
280 3093 389 3158 omnia
416 3093 514 3176 plena
542 3093 608 3158 sint
638 3094 758 3159 cubilia
785 3096 984 3180 gallinarum
1012 3099 1070 3161 aut
1095 3116 1147 3159 ex·

220 3288 253 3338 15
276 3283 518 3353 praeliandum
544 3285 610 3338 at
602 3304 632 3340 in
655 3291 719 3341 onte
741 3287 861 3356 utraque
886 3303 936 3342 om.
1008 3285 1147 3356 tripedali

130 3362 158 3410 et
177 3370 209 3410 eo
229 3356 300 3424 pede
373 3359 407 3408 25
426 3354 456 3409 id
475 3357 518 3409 est
537 3372 587 3410 om

218 3556 252 3605 20
271 3569 355 3619 quam
373 3551 403 3605 in
424 3551 560 3607 locando
578 3556 689 3608 auctore
706 3552 818 3608 inclusit
839 3551 975 3607 Gesneros
