2430 3952
408 805 757 882 PRAEFATIO.

162 1089 320 1155 Varronis
352 1111 459 1153 rerum
482 1089 676 1152 rusticarum
701 1089 803 1154 libros
828 1111 912 1154 anno
938 1090 1025 1154 1884
1050 1110 1086 1152 eo

74 1184 241 1263 apparatu,
265 1201 328 1263 quo
348 1178 388 1242 ad
409 1178 580 1242 lectionem
600 1179 853 1242 confirmandam
871 1182 904 1242 et
923 1178 962 1242 ad
982 1200 1087 1242 emen·

73 1270 236 1335 dationem
257 1266 513 1352 praeparandam
533 1288 613 1348 opus
629 1288 698 1330 esse
714 1267 892 1348 videbatur,
910 1269 1087 1332 instructos

74 1357 167 1421 edidi.
203 1380 278 1421 nam
302 1357 457 1440 quoniam
481 1355 587 1419 omnis
610 1356 726 1420 horum
749 1356 908 1421 librorum
932 1356 1089 1420 memoria

74 1468 138 1510 uno
167 1447 351 1509 continetur
378 1444 500 1522 codice,
528 1444 584 1527 qui
612 1446 689 1508 olim
722 1449 753 1507 et
782 1445 822 1509 ab
851 1445 977 1528 Angelo
1002 1444 1088 1509 Poli-

72 1536 162 1599 tiano
192 1556 264 1598 eum
292 1534 436 1618 principe
467 1534 606 1597 editione
630 1533 769 1597 collatus
793 1539 826 1597 et
850 1557 869 1598 a
892 1532 988 1597 Petro
1013 1532 1088 1596 Vic-

72 1625 158 1688 torio
188 1624 227 1687 ad
255 1645 375 1688 novam
404 1621 579 1687 editionem
606 1622 785 1705 parandam
813 1622 978 1686 adhibitus
1009 1627 1088 1704 erat,

73 1720 186 1797 postea
215 1716 324 1776 autem
355 1711 463 1795 periit,
497 1715 572 1774 ante
603 1712 712 1774 omnia
740 1711 902 1795 scriptura
929 1713 962 1775 in
991 1711 1087 1775 editis

73 1803 310 1885 exemplaribus
339 1800 546 1864 vehementer
576 1800 753 1883 depravata
781 1801 821 1864 ad
848 1800 948 1864 fidem
978 1800 1087 1864 arche·

72 1892 145 1973 typi
173 1890 368 1957 revocanda,
384 1894 462 1954 erat.
514 1888 773 1954 emendationem
802 1911 913 1954 eorum
943 1911 1025 1974 quae
1053 1889 1086 1952 in

73 1981 129 2043 illo
154 1985 308 2063 corrupta
331 1983 424 2042 erant
453 1982 581 2061 praeter
605 1978 781 2042 manifesta
803 1980 984 2061 scripturae
1007 1978 1088 2042 vitia

72 2071 105 2130 et
130 2069 295 2152 quaedam,
324 2089 407 2151 quae
431 2069 510 2131 satis
534 2070 622 2131 certo
648 2068 819 2131 emendata
843 2089 913 2131 esse
937 2067 1018 2130 mihi
1041 2068 1088 2130 vi-

73 2157 240 2232 debantur,
264 2144 494 2219 comm'entario
518 2156 629 2221 critico
653 2156 822 2239 destinavi,
850 2179 890 2220 ne
915 2155 1087 2238 adscriptis

74 2244 377 2327 antiquissimarum
413 2243 591 2308 editionum
623 2245 818 2309 lectionibus
851 2249 885 2308 et
917 2245 1086 2309 doctorum

72 2335 216 2398 virorum
246 2331 440 2396 coniecturis
463 2353 559 2395 verae
583 2332 761 2416 scripturae
785 2334 942 2397 memoria
964 2336 1087 2416 pertur-

72 2424 213 2487 baretur.
259 2443 345 2486 nunc
373 2420 581 2484 comminor
606 2422 780 2485 eorundem
804 2423 964 2485 librorum
988 2421 1086 2485 editio

73 2511 114 2575 ad
157 2532 360 2575 communem
397 2532 491 2572 usum
529 2511 774 2575 accommodata
810 2510 955 2594 paranda
992 2513 1087 2592 esset,

71 2601 260 2684 priusquam
294 2597 519 2664 commentarii
551 2599 735 2683 ederentur,
774 2600 873 2664 verba
909 2599 1086 2682 scriptoris,

72 2695 231 2773 quantum
254 2689 385 2771 quidem
408 2688 477 2752 fieri
501 2692 640 2770 poterat,
663 2688 834 2753 emendata
859 2688 998 2754 exhibui.
1032 2687 1087 2751 sed

71 2783 109 2841 ut
140 2801 180 2841 ne
213 2776 287 2840 huic
322 2776 450 2860 quidem
479 2776 615 2841 editioni
644 2781 766 2841 certum
795 2779 944 2843 lectionis
971 2776 1087 2841 funda-

71 2871 217 2929 mentum
241 2866 376 2945 deesset,
403 2889 423 2929 a
446 2864 589 2930 librariis
613 2866 652 2930 de
676 2867 797 2930 nostris
821 2866 940 2931 litteris
965 2866 1086 2948 optime

72 2956 196 3019 meritis
226 2954 320 3018 facile
348 2954 532 3039 impetravi,
564 2958 602 3019 ut
630 2956 738 3019 brevis
763 2956 930 3020 adnotatio
955 2954 1087 3018 addere-

71 3049 138 3124 tur,
175 3044 209 3106 in
239 3065 303 3127 qua
333 3049 366 3106 et
394 3043 555 3126 scriptura
581 3045 700 3108 veteris
730 3045 807 3108 libri
837 3066 935 3107 manu
966 3042 1087 3126 scripti,

70 3133 266 3214 ubicumque
299 3133 339 3196 ab
364 3152 402 3196 ea
425 3154 511 3196 nova
539 3133 637 3197 editio
666 3132 841 3217 recederet,
872 3132 1087 3211 exhiberetur,

71 3226 104 3286 et
133 3244 152 3284 a
179 3221 295 3303 quibus
324 3222 509 3285 auctoribus
538 3223 720 3286 emendatio
744 3223 849 3306 petita
877 3224 976 3302 esset,
1003 3218 1087 3282 indi-

70 3312 205 3374 caretur.
251 3308 362 3394 itaque
394 3310 428 3374 in
461 3312 568 3393 priore
597 3315 690 3395 parte
721 3310 940 3375 adnotationis
969 3308 1086 3371 discre-

69 3399 218 3484 pantiam
243 3398 409 3483 archetypi
429 3398 562 3482 codicis,
586 3423 625 3464 ex
649 3422 713 3484 quo
732 3399 756 3462 ii
775 3399 849 3463 libri
869 3398 986 3482 quibus
1003 3415 1087 3460 nunc

70 3487 193 3552 utimur
217 3487 369 3570 descripti
389 3492 474 3572 aunt,
492 3488 595 3571 posui,
619 3490 653 3552 in
673 3488 777 3553 altera
795 3510 833 3551 ea
852 3508 933 3572 quae
953 3486 994 3550 ab
1014 3483 1086 3548 aliis

887 3589 925 3646 a*
