2430 3952
158 220 199 285 78
568 221 755 276 VARRONIS

158 388 244 449 sum,
268 369 436 449 praetcrea
459 367 543 450 quod
568 369 642 431 ante
665 365 878 430 admissuram
898 364 1011 429 diebus
1031 365 1170 451 triginta

157 455 313 519 arietibus
337 476 374 518 ac
397 457 500 519 tauris
524 456 619 519 datur
646 455 719 538 plus
743 455 821 538 cibi,
849 457 886 517 ut
909 454 993 518 vires
1016 453 1171 539 habeant,

156 543 286 607 feminis
310 544 416 607 bubus
440 544 588 628 demitur,
612 543 698 628 quod
721 545 938 621 macescentes
957 542 1076 607 melius
1095 563 1170 608 con·

104 632 262 715 18cipere
291 632 449 698 dicuntur.
499 632 641 697 secunda
673 652 749 716 pars
778 635 828 696 est
856 631 895 694 de
922 630 1037 694 fetura.
1082 652 1170 696 nunc

155 720 283 803 appollo
302 719 444 784 feturam
464 743 483 784 a
502 724 659 804 conceptu
679 719 720 784 ad
738 724 881 803 partum:
913 718 948 783 hi
969 719 1057 783 enim
1075 741 1168 803 prae·
1193 737 1205 778 a

154 809 318 892 gnationis
341 809 439 893 primi
462 813 495 872 et
517 810 651 873 extremi
678 809 768 872 fines.
820 829 918 891 quare
946 806 1088 890 primum
1121 809 1167 872 ri-

154 896 292 959 dendum
313 897 351 960 de
372 897 576 980 admissione,
596 919 658 980 quo
678 918 824 980 quaeque
843 900 988 980 tempore
1002 898 1040 960 ut
1053 896 1168 960 ineant

153 984 258 1048 facere
286 990 445 1068 oporteat.
490 1008 567 1049 nam
596 988 633 1048 ut
660 986 756 1050 suillo
784 985 893 1068 pecori
921 1006 940 1048 a
968 983 1100 1049 favonio
1125 984 1167 1049 ad

154 1074 394 1157 aequinoctium
426 1095 560 1138 vernum
591 1076 711 1156 putant
743 1078 872 1157 aptum,
912 1073 958 1137 sic
990 1072 1090 1137 ovillo
1125 1073 1166 1137 ab

32 1196 39 1207 ·
154 1161 274 1225 arcturi
298 1183 414 1226 occasu
442 1184 542 1245 usque
571 1162 611 1225 ad
642 1163 769 1245 aquilae
793 1183 950 1227 occasum.
994 1164 1202 1244 praeteream

153 1248 304 1312 habenda
330 1250 427 1330 ratio,
458 1253 579 1334 quanto
608 1254 782 1334 antequam
816 1250 951 1332 incipiat
983 1249 1167 1315 admissura

152 1337 223 1399 fieri
250 1359 354 1402 mares
384 1360 403 1401 a
425 1339 555 1402 feminis
580 1342 721 1404 secretos
744 1337 901 1422 habeant,
929 1338 1015 1422 quod
1039 1337 1108 1402 fere
1131 1339 1167 1403 in

153 1425 303 1490 omnibus
327 1426 413 1490 binis
436 1428 601 1491 mensibus
626 1430 701 1491 ante
724 1426 848 1490 faciunt
871 1432 904 1491 ct
923 1426 1115 1491 armentarii
1133 1429 1166 1491 at

102 1515 319 1597 190pili0nea
365 1515 469 1580 altera
491 1538 567 1600 pars
591 1521 655 1597 est,
679 1516 713 1578 in
735 1515 842 1579 fetura
866 1536 948 1598 quae
970 1514 1037 1578 sint
1056 1515 1165 1580 obser·

152 1604 271 1684 vanda,
303 1604 388 1686 quod
419 1605 484 1668 alia
512 1605 576 1668 alio
609 1609 756 1687 tempore
788 1624 900 1686 parere
933 1603 1025 1669 solet.
1082 1619 1201 1688 equari

152 1692 239 1755 enim
270 1696 416 1755 ventrem
448 1693 512 1757 fert
544 1692 712 1756 duodecim
746 1713 887 1774 menses,
918 1712 1018 1757 vacca
1045 1690 1166 1771 decem,

152 1780 221 1844 ovis
246 1783 278 1842 et
301 1802 398 1864 capra
422 1782 548 1864 quinos,
573 1803 627 1845 sus
652 1783 811 1863 quattuor.
857 1780 892 1844 in
914 1779 1020 1844 fetura
1042 1801 1095 1844 res
1118 1780 1166 1844 in·

151 1866 315 1932 credibilis
340 1873 390 1932 est
412 1870 446 1931 in
464 1868 633 1952 Hispania,
657 1868 712 1932 sed
737 1873 787 1932 est
805 1890 891 1951 vcra,
914 1868 1000 1952 quod
1018 1867 1054 1931 in
1071 1866 1164 1933 Lusi·

151 1954 242 2018 tania
271 1957 313 2019 ad
341 1978 498 2020 occanum
525 1958 559 2020 in
588 1978 625 2020 ea
657 1956 805 2041 regione,
837 1957 893 2022 ubi
926 1961 977 2021 est
1008 1956 1164 2040 oppidum

152 2042 290 2126 Olisipo,
322 2050 432 2108 monte
464 2043 573 2131 Tagro
606 2046 762 2128 quaedam
794 2067 812 2108 e
844 2049 941 2109 vento
974 2044 1163 2129 concipiunt
1176 2062 1200 2103 2⁰

151 2134 238 2196 certo
262 2135 407 2214 tempore
431 2155 545 2217 cquae,
574 2138 612 2197 ut
638 2133 692 2197 hic
719 2133 861 2217 gallinae
891 2155 1017 2218 quoque
1049 2134 1165 2217 solent,

150 2241 285 2302 quarum
314 2242 375 2284 ova
403 2221 597 2305 hypenemia
625 2222 797 2305 appellant.
844 2221 900 2285 sed
927 2243 966 2286 ex
995 2221 1047 2285 his
1072 2222 1164 2306 equis

151 2308 206 2390 qui
228 2310 298 2371 nati
321 2309 413 2393 pulli,
435 2332 500 2374 non
523 2312 595 2395 plus
619 2310 794 2374 triennium
818 2311 942 2375 vivunt.
979 2332 1061 2393 quae
1083 2314 1165 2375 nata

150 2400 226 2460 sunt
253 2401 382 2461 matura
410 2401 443 2462 et
470 2401 581 2483 corda,
609 2403 646 2462 ut
672 2397 752 2482 pure
780 2401 812 2461 et
839 2399 982 2463 molliter
1004 2402 1095 2463 stent
1117 2399 1163 2463 vi-

149 2485 288 2549 dendum
317 2491 349 2549 ct
375 2508 415 2549 ne
444 2488 643 2552 obterantur.
693 2487 843 2551 dicuntur
870 2488 947 2572 agni
975 2486 1079 2570 cordi,
1106 2487 1198 2570 quin

148 2579 224 2656 post
251 2579 379 2656 tempus
407 2581 585 2639 nascuntur
613 2597 650 2639 ac
678 2580 903 2639 remanserunt
926 2575 1089 2640 involvis
1113 2577 1162 2640 in-

96 2672 138 2728 20
148 2662 246 2724 timis.
269 2682 287 2722 s
310 2667 429 2727 vocant
451 2663 593 2745 chorion,
617 2686 636 2726 a
660 2684 723 2746 quo
747 2663 836 2727 cordi
860 2663 1026 2748 appellati.
1063 2664 1163 2729 tertia

148 2770 198 2811 res
224 2752 282 2830 est,
306 2751 340 2814 ia
363 2751 528 2815 nutricatu
552 2773 634 2835 quac
659 2752 825 2816 observari
848 2756 1007 2834 oporteat,
1036 2751 1073 2816 in
1095 2774 1162 2837 quo

236 2930 252 2975 4
271 2923 357 2995 nunc]
377 2941 434 2977 nun
506 2928 523 2977 8
543 2925 672 2994 oporteat
690 2925 813 2992 (oportet
837 2925 868 2993 V,
889 2926 1020 2993 oporteat
1031 2927 1162 3006 plurima

147 2994 317 3062 apopropba)
429 3009 530 3062 pecore
635 2995 770 3066 90uillo]
789 2994 859 3049 ouili
960 3000 994 3049 14
1012 2995 1161 3065 crpiliones

146 3068 180 3117 20
199 3064 318 3132 obsippo
426 3069 459 3118 22
479 3081 534 3119 oua
551 3064 692 3120 ianenemi
711 3066 858 3135 appellant
876 3082 979 3136 opopa,
1010 3082 1065 3122 ona
1082 3066 1161 3122 iane·

147 3133 241 3187 nemia
259 3135 441 3204 appellabant
459 3137 518 3191 Pol.
563 3166 565 3171 ·
599 3141 633 3191 28
653 3137 681 3190 in
699 3143 764 3191 aare
780 3136 924 3190 nutricatu
942 3153 993 3193 om.
1072 3138 1160 3209 quae]

148 3222 203 3272 qua
236 3277 246 3341 >
286 3205 429 3261 obseruari
448 3207 601 3275 (adseruari
619 3208 696 3276 Por,
714 3207 857 3262 obseruari
876 3209 942 3263 libri
958 3224 1045 3263 amau
1061 3210 1162 3278 ampli

145 3291 235 3329 omnes

233 3422 341 3472 tnunc
361 3417 473 3486 appello
493 3419 640 3474 Iracundus
738 3420 867 3489 8pecori
884 3437 932 3475 mo
1034 3418 1159 3475 9ouillo

147 3487 283 3543 Gesnerua
356 3494 389 3542 14
409 3487 546 3557 opiliones
565 3507 612 3546 mc
691 3496 725 3543 20
744 3490 846 3558 olisipo
869 3493 953 3546 codar
976 3491 1159 3546 Florentiam

145 3561 179 3610 22
199 3575 254 3612 oua
271 3554 413 3629 ὑπηνέμια
432 3560 590 3615 Politianus
661 3567 695 3615 28
715 3577 785 3629 quae
804 3561 946 3617 obseruari
965 3579 982 3617 a
