2430 3952
160 227 202 291 68
568 226 754 283 VARRONIS

159 371 254 455 velis,
282 371 367 455 quod
390 392 456 435 non
478 372 517 434 fi
503 375 726 456 tantequam
746 369 918 435 accesserit
939 389 1056 435 annos:
1086 369 1172 434 anni-

160 461 267 524 culum
294 459 411 543 prodit.
458 461 484 523 si
515 463 564 524 est
592 482 668 525 vero
697 482 736 524 ex
761 481 798 523 eo
822 479 938 543 genere
961 479 1059 542 uvae,
1089 450 1210 542 quod

160 552 291 700 maturet
311 552 470 632 cocescat,
498 552 573 612 aute
596 548 793 613 vindemiam
817 546 963 612 consumi
986 549 1041 611 aut
1065 547 1174 611 venire

161 640 299 720 oportet.
336 658 455 722 genera
474 641 549 700 suut
567 636 643 720 vini,
663 637 697 700 in
712 657 775 719 quo
790 635 936 721 Falerna,
954 656 1037 718 quae
1053 638 1174 719 quanto

161 725 263 808 pluris
287 747 389 790 anuos
414 725 544 790 condita
568 725 764 806 habuerunt,
791 727 894 809 tanto,
916 745 988 788 cum
1013 729 1205 808 promptae

162 816 238 877 sunt
260 813 345 877 fruct
331 815 484 878 tuosiora.
877 878 879 882 .

96 915 183 971 LXVI
252 899 348 966 Oleas
379 903 470 966 albas
503 924 583 985 quas
615 901 810 982 condideris,
839 921 941 964 novas
972 899 1000 964 si
1029 900 1177 964 celeriter

160 1012 302 1074 promae,
322 990 398 1071 [nisi
416 990 611 1070 condideris]
630 994 763 1073 propter
782 987 1030 1053 amaritudinem
1051 989 1177 1073 respuit

161 1079 322 1162 palatum3
350 1078 428 1141 item
457 1079 582 1162 nigras,
609 1079 674 1142 nisi
701 1079 792 1162 prius
820 1098 874 1141 ees
899 1077 965 1140 sale
992 1077 1178 1160 maceraris,

161 1171 198 1230 ut
221 1167 360 1231 libenter
382 1166 417 1229 in
441 1188 477 1230 os
501 1166 708 1249 recipiantur.
1186 1186 1206 1227 ιι

95 1269 197 1324 LXVII
252 1253 375 1319 Nucem
396 1254 582 1338 iuglandem
603 1258 636 1319 et
653 1254 833 1338 palmulam
852 1257 885 1316 et
903 1254 1002 1318 ficum
1021 1250 1178 1319 Sabinam

165 1344 288 1426 quanto
307 1342 403 1407 citius
421 1365 561 1425 promas,
584 1343 771 1407 iucundiore
790 1345 891 1422 utare,
911 1341 996 1424 quod
1015 1343 1178 1406 vetustate

163 1432 243 1495 ficus
266 1431 305 1494 fit
327 1431 490 1514 pallidior,
512 1433 656 1515 palmula
679 1431 843 1514 cariosior‚
865 1452 932 1493 nux
955 1428 1088 1496 aridior.

92 1534 208 1590 LXVIII
252 1519 407 1604 Peneide,
428 1523 579 1601 murae,
602 1521 746 1584 malaet
770 1518 909 1601 sorba,
899 1540 973 1601 rpsa
996 1517 1178 1597 ostendunt,

164 1608 293 1694 quando
318 1608 358 1672 ad
381 1630 474 1672 usum
499 1611 650 1691 oporteat
673 1607 788 1690 promi,
811 1607 895 1691 quod
920 1606 1027 1671 colore
1050 1566 1207 1672 mutatdu

164 1701 197 1760 et
221 1701 388 1761 contractu
413 1696 589 1780 acinorum,
613 1697 640 1760 si
663 1718 730 1761 non
754 1694 933 1779 dempseris
953 1693 993 1758 ad
1012 1693 1178 1779 edendum,

165 1786 205 1849 ad
239 1784 442 1849 abiciendum
475 1747 705 1850 descerisurum
736 1806 770 1849 se
798 1783 1000 1848 minitantur.
1046 1784 1178 1848 sorbum

163 1875 328 1937 maturum
357 1874 435 1936 mite
466 1873 632 1937 conditum
662 1872 758 1941 citius
791 1873 897 1955 promi
921 1874 1064 1955 oportet:
1095 1893 1179 1937 acer·

163 1961 241 2024 bum
271 1961 358 2024 euim
388 1982 580 2043 suspensum
609 1961 730 2025 lentius
761 1964 826 2045 est,
856 1959 941 2044 quod
970 1960 1064 2042 prius
1091 1959 1179 2025 domi

164 2050 387 2113 maturitatem
421 2049 555 2132 adsequi
581 2050 674 2133 uult,
707 2070 804 2132 quam
840 2048 954 2133 nequit
988 2048 1023 2111 in
1055 2049 1209 2133 arbores

165 2159 264 2220 quam
287 2137 445 2201 mitescat.

113 2238 200 2295 LXIX
253 2223 397 2289 Messum
428 2224 479 2289 far
511 2225 724 2309 promendum
756 2225 862 2288 hieme
894 2225 929 2287 in
964 2223 1105 2307 pistrino
1140 2223 1179 2290 ad

164 2314 366 2399 torrendum,
399 2314 484 2396 quod
516 2314 555 2377 ad
588 2314 731 2378 cibatum
764 2313 949 2396 expeditum
982 2333 1051 2376 esse
1084 2313 1179 2397 velis3

165 2402 250 2487 quod
274 2402 315 2467 ad
339 2403 506 2481 sationem,
529 2407 599 2466 tum
622 2401 846 2486 promendum,
870 2423 942 2465 cum
967 2404 1092 2485 segetes
1113 2423 1178 2466 ma·

164 2495 258 2555 turae
287 2495 363 2555 sunt
391 2490 432 2554 ad
460 2491 691 2575 accipiendum.
737 2491 921 2574 itemquae
948 2489 1115 2572 pertinent
1140 2489 1210 2554 adu

167 2580 336 2664 sationem,
360 2601 418 2644 suo
442 2602 570 2664 quoque
593 2584 741 2662 tempore
763 2578 952 2661 promenda.
998 2599 1081 2661 quae
1105 2599 1179 2643 ven-

165 2667 270 2732 denda
288 2668 469 2751 videndum,
488 2689 569 2751 quae
588 2689 716 2752 quoque
734 2669 880 2749 tempore
895 2669 1045 2749 oporteat
1058 2667 1179 2750 promi:

167 2756 232 2820 alia
251 2756 347 2837 enim,
366 2778 446 2838 quae
465 2778 595 2820 manere
613 2778 678 2819 non
697 2759 844 2839 possunt,
863 2757 1037 2838 antequam
1056 2777 1091 2819 se
1105 2776 1179 2820 con·

166 2847 301 2924 mutent,
325 2847 361 2906 ut
384 2846 530 2909 celeriter
553 2866 683 2928 promas
705 2865 741 2908 ac
760 2843 894 2926 vendas3
919 2843 992 2925 alia,
1015 2865 1099 2926 quae
1118 2865 1181 2908 ser·

258 3040 271 3087 1
292 3037 468 3089 accesserunt
487 3035 648 3089 anniculum
733 3041 748 3089 3
768 3035 916 3089 coeeseant
991 3039 1097 3102 ‘Iquas
1116 3050 1180 3090 con-

168 3104 241 3158 deris
312 3105 352 3158 sic
371 3105 499 3160 celeriter
571 3111 604 3160 14
622 3105 666 3177 ut]
685 3109 736 3160 eut
806 3122 890 3160 serua
962 3108 995 3158 15
1015 3104 1122 3176 colore]
1137 3121 1181 3160 co·

168 3177 254 3231 larem
345 3180 378 3230 17
398 3176 523 3247 sorbum]
545 3192 628 3231 soruo
701 3183 734 3231 18
753 3176 885 3230 acerbum
908 3177 1051 3245 (aceruum
1074 3175 1180 3246 opopa)

169 3252 203 3300 28
222 3263 277 3314 quo
296 3261 409 3300 manere

260 3430 273 3476 1
294 3425 360 3478 ante
379 3439 463 3491 quam
482 3422 630 3477 accesserit
648 3438 735 3478 annus
753 3424 899 3479 Iucwadaa
962 3429 1067 3492 'anas
1086 3422 1183 3478 condi·

170 3493 278 3550 deriso
350 3495 374 3547 si
393 3491 520 3547 celeriter
542 3493 679 3549 Victorias
767 3499 801 3548 14
819 3496 852 3549 ut
872 3510 944 3548 uuae
961 3510 1009 3549 mo
1083 3499 1115 3548 lt
1136 3511 1183 3551 oo·

170 3564 229 3620 lore
247 3582 294 3619 mc
387 3571 418 3619 17
438 3565 551 3619 sorbum
568 3567 709 3619 maturum
729 3582 775 3620 mc
861 3570 895 3620 28
914 3581 986 3634 quae
1003 3581 1117 3620 manere
1134 3583 1183 3622 mo
