2430 3952
265 175 397 230 RERVM
414 175 653 231 ssvsrlcnuvss
671 177 738 232 LIB.
755 177 794 230 111
812 183 901 231 e-lo
1025 180 1088 242 147

72 320 209 387 tendum
233 321 302 402 [iis]
325 324 453 405 tempus
477 325 528 385 est
550 322 757 404 aptissimum
781 322 947 404 abruma,
971 323 1012 387 ad
1034 347 1091 408 pa-

73 410 223 475 riendum
237 413 271 474 et
283 411 500 475 incubandum
513 431 535 473 a
544 410 698 475 Kalendis
706 410 891 476 Februariis
904 412 949 476 vel
958 411 1091 478 Martiis

74 520 178 583 usque
201 497 242 562 ad
265 499 454 562 solstitium.
500 499 624 562 saliunt
646 498 713 562 fere
735 499 771 568 in
793 521 890 582 aqua,
920 499 1091 583 iuiguntnr

74 588 112 652 in
129 587 249 650 flumen
267 591 325 650 aut
341 588 508 669 piscinam.
534 587 682 670 singulae
699 608 765 650 non
783 589 856 671 plus
875 610 972 671 quam
986 593 1037 652 ter
1055 589 1090 652 in

44 696 165 740 sunno
191 676 332 758 pariunt
368 675 513 759 singulis,
539 676 597 739 ubi
620 677 757 758 pariant,
784 676 968 740 faciendum
990 676 1089 740 haras

75 763 252 848 quadratas
276 765 396 827 circum
420 765 515 827 binos
535 763 632 847 pedes
651 768 685 827 et
703 764 917 848 semipedem3
940 787 996 829 eas
1015 765 1089 829 sub

76 851 284 916 sternendum
306 852 410 935 palea
446 853 626 917 notandum
647 875 757 916 earum
777 875 839 917 ova
856 853 965 937 aliquo
985 854 1090 937 siguo,
1124 924 1127 933 ,

76 940 163 1023 quod
187 941 293 1004 aliena
314 962 381 1004 non
404 941 571 1004 excudunt.
608 940 648 1004 ad
667 941 885 1005 incubandum
904 946 1092 1024 supponunt

74 1029 264 1112 plerumque
278 1051 396 1093 novem
410 1032 468 1093 aut
486 1028 642 1111 undecim,
661 1030 715 1113 qui
729 1030 791 1094 hoc
805 1030 922 1111 minus,
939 1031 1090 1113 quinque,

31 1137 61 1178 io
76 1117 132 1200 qui
156 1116 218 1181 hoc
240 1117 325 1200 plus,
349 1120 400 1197 [x]
421 1135 477 1181 xv.
513 1118 646 1181 incubat
667 1119 917 1201 tempestatibus
940 1120 1008 1182 dies
1030 1119 1090 1182 tri-

77 1204 180 1289 ginta,
203 1206 417 1288 tepidioribus
439 1223 521 1270 xxv.
557 1228 630 1270 cum
652 1207 791 1290 excudit,
813 1207 954 1290 quinque
977 1207 1120 1271 diebus4

75 1292 192 1376 primis
214 1295 382 1376 patiuntur
404 1316 475 1358 esse
498 1316 570 1358 cum
594 1298 706 1358 matre.
752 1295 866 1359 deinde
888 1295 1019 1373 cotidie,
1041 1317 1089 1360 se·

75 1403 192 1444 renum
215 1402 288 1445 cum
311 1387 370 1459 est,
393 1382 574 1465 producunt
596 1384 631 1446 in
648 1387 753 1467 prata,
775 1385 854 1446 item
872 1384 1014 1466 piscinas
1033 1389 1091 1447 aut

75 1468 222 1553 paludes,
245 1471 350 1554 iisque
373 1470 499 1534 faciunt
515 1471 613 1534 haras
631 1493 731 1554 supra
751 1475 872 1534 terram
891 1476 948 1534 aut
966 1476 1090 1555 suptus,

33 1577 62 1618 1s
76 1559 114 1622 in
145 1580 226 1641 quas
258 1580 324 1624 nou
356 1558 514 1622 inducunt
545 1560 618 1642 plus
650 1560 782 1623 vicenos
811 1560 933 1642 pullos,
971 1581 1090 1642 easque

75 1646 176 1710 cellas
203 1647 373 1729 provident
400 1668 441 1710 ne
468 1647 613 1711 habeant
644 1648 678 1710 in
710 1648 781 1710 solo
810 1669 956 1711 umorem
987 1651 1021 1710 et
1051 1651 1090 1710 ut

53 1735 56 1741 ’
77 1735 176 1798 molle
198 1735 341 1799 habeant
363 1737 569 1799 substramen
588 1758 605 1799 e
623 1736 720 1818 palea
738 1736 840 1799 aliave
859 1757 924 1820 qua
942 1758 986 1816 re,
1007 1757 1088 1799 neve

75 1844 140 1907 qua
163 1843 201 1887 eo
224 1823 374 1888 accedere
396 1825 525 1907 possint
544 1825 701 1888 mustelae
720 1824 844 1888 aliaeve
863 1846 946 1907 quae
964 1825 1087 1888 bestiae

73 1915 222 1975 noceant
260 1934 390 1976 anseres
413 1917 552 1995 pascunt
574 1913 609 1976 in
631 1913 748 1976 umidis
770 1912 850 1976 locis
875 1916 908 1976 et
930 1912 1117 1996 pabulum-5

31 2019 61 2060 so
75 2004 203 2083 serunt,
233 2000 319 2083 quod
351 2002 493 2085 aliquem
523 2000 607 2065 ferat
638 2001 797 2082 fructum,
828 2006 1003 2085 seruntque
1034 2001 1087 2064 his

72 2087 219 2170 herbam,
237 2110 320 2172 quae
338 2093 471 2153 vocatur
489 2091 578 2171 seris,
601 2089 687 2173 quod
706 2113 745 2154 ea
764 2095 966 2173 aquatecta,
989 2089 1087 2153 etiam

73 2197 147 2240 cum
171 2181 221 2240 est
243 2176 341 2260 arida,
364 2177 403 2241 fit
424 2176 545 2241 viridis.
582 2178 662 2242 folia
683 2179 752 2241 eius
772 2178 980 2262 decerpentes
1000 2178 1089 2260 daut,

72 2285 128 2345 ne,
155 2265 183 2328 si
206 2287 245 2330 eo
267 2266 441 2349 inegeriut,
468 2265 524 2329 ubi
546 2267 708 2348 nascitur,
735 2270 793 2329 aut
818 2266 994 2330 obterendo
1018 2288 1088 2350 per·

72 2352 154 2416 daut
176 2357 232 2418 aut
258 2354 321 2437 ipsi
349 2354 506 2418 cruditate
533 2358 681 2436 pereant:
726 2375 859 2418 voraces
893 2355 979 2417 enim
1011 2358 1087 2417 sunt

31 2461 59 2502 2⁵
73 2444 201 2506 natura.
237 2463 300 2526 quo
319 2441 566 2525 temperandum
584 2443 635 2519 iis,
654 2443 710 2525 qui
728 2448 863 2525 propter
880 2440 1089 2525 cupiditatem

75 2551 173 2612 saepe
197 2531 232 2592 iu
254 2531 425 2614 pascendo,
449 2532 477 2594 si
500 2530 641 2595 radicem
664 2529 869 2614 prenderunt,
892 2552 989 2614 quam
1013 2529 1088 2593 edu·

75 2638 147 2681 cere
169 2619 272 2682 velint
295 2641 312 2683 e
335 2623 430 2702 terra,
453 2619 652 2702 abrumpunt
673 2619 810 2684 collum:
842 2618 1087 2702 perinbecillum

167 2832 183 2878 2
203 2844 220 2879 a
238 2826 373 2880 Kalendis
391 2826 551 2881 Februariis
568 2827 616 2880 rel
633 2827 742 2880 Martiis
760 2843 812 2881 om.
866 2833 882 2880 3
900 2826 1090 2896 inunguentur

72 2902 91 2949 4
109 2897 173 2964 plus
192 2901 290 2964 quater
345 2903 405 2952 bct
424 2903 457 2950 14
476 2914 539 2951 aras
556 2898 650 2966 (baras
675 2897 713 2965 V)
787 2897 864 2950 lein
882 2913 954 2965 quae
973 2915 1030 2952 non
1046 2898 1088 2950 in·

74 2966 181 3020 ducant
251 2973 286 3021 20
310 2968 403 3021 ferant
479 2974 512 3021 21
536 2968 617 3037 seris]
641 2968 716 3020 beris
793 2973 827 3020 23
850 2968 987 3021 inecerint
1008 2967 1089 3037 (inie-

74 3037 164 3090 cerint
187 3038 214 3092 V
228 3045 254 3093 et
272 3040 433 3108 upoprupba
450 3041 619 3104 recentiora,
641 3037 778 3092 inecerint
801 3038 871 3094 Vict.
889 3044 915 3093 et
932 3040 990 3093 cod.
1009 3039 1088 3107 Par.)

72 3230 197 3284 bandum
216 3249 233 3284 a
252 3231 387 3286 Kalendis
405 3231 564 3287 Februariis
582 3231 628 3286 rel
645 3230 755 3286 Martiis
773 3247 862 3300 usque
880 3232 918 3286 ad
935 3232 1088 3287 solstitium

74 3300 223 3356 Οοῑαηιεῖῑα
244 3302 325 3356 VIII
343 3308 422 3368 14‚4

162 3379 179 3426 3
201 3372 348 3441 iuiguntnr
370 3373 492 3443 Sculiper
533 3374 632 3442 lplus
650 3390 735 3442 quem
752 3375 796 3428 ter
818 3374 936 3428 Ursinus
983 3377 1015 3424 10
1039 3372 1088 3439 qui

72 3442 127 3496 hoc
145 3444 208 3511 plus
226 3443 386 3511 quindecim
404 3445 552 3499 lucendus
589 3450 622 3498 15
644 3445 763 3512 inques
782 3445 900 3498 Ursinus
935 3449 970 3496 20
984 3443 1088 3498 ferato

72 3518 106 3566 21
127 3514 195 3568 seris
215 3515 363 3568 lucrandas
415 3520 449 3569 23
467 3514 609 3584 inegerint
631 3515 769 3570 Victorius

873 3601 928 3655 10*
