2430 3952
137 205 200 270 138
543 203 731 259 vaeaours
757 239 760 244 ·

134 350 197 415 hoo
218 369 321 433 genus
336 349 477 413 maxime
491 351 540 413 est
554 349 662 413 colore
678 348 763 433 albo,
780 348 856 412 illut
870 349 1007 413 altemm
1021 353 1151 434 agreste

135 439 204 503 sine
233 438 323 522 albo,
352 437 451 503 vario.
498 460 537 501 ex
566 437 608 502 iis
632 437 755 501 duabus
780 437 937 521 stirpibus
960 437 999 502 fit
1021 438 1151 503 misael-

133 526 202 591 lum
230 528 363 591 tertium
392 547 493 612 genus
522 525 647 591 fructus
676 547 786 609 causa,
814 529 912 609 atque
939 526 1094 591 incedunt
1117 527 1152 592 in

135 617 242 680 locum
266 637 381 699 unum,
409 615 493 698 quod
521 615 577 678 alii
600 618 720 680 vocant
742 614 957 698 peristerona,
987 613 1045 679 alii
1067 615 1152 698 peri-

136 704 387 787 sterotrophion,
418 705 452 767 in
485 724 548 788 quo
580 725 645 768 uno
679 724 775 787 saepe
806 703 858 766 vel
891 704 1031 788 quinque
1059 703 1190 768 milies

105 795 212 860 3sunt
230 793 382 857 inclusae.
410 793 591 876 peristeron
609 793 648 856 fit
666 796 703 856 ut
720 792 851 856 testudo
872 811 998 875 magna,
1020 813 1152 858 samam

136 884 250 964 tectus,
272 902 337 946 uno
362 881 446 946 ostio
472 884 621 966 angusto,
644 880 792 944 fenestris
814 880 982 963 punicanis
1002 884 1060 945 aut
1078 880 1152 946 lati·

137 969 246 1033 oribus
265 970 441 1034 reticulatis
461 971 633 1052 utrimque,
652 972 689 1032 ut
707 970 797 1033 locus
813 969 918 1033 omnis
934 969 978 1032 sit
991 968 1151 1052 inlustris,

135 1080 215 1121 neve
239 1080 320 1141 quae
344 1079 476 1142 serpens
500 1056 622 1122 aliutve
645 1056 722 1141 quid
745 1058 865 1122 animal
893 1055 1076 1122 maleficum
1101 1058 1151 1122 in-

135 1147 235 1210 troire
264 1149 369 1228 queat.
414 1146 607 1210 intrinsecus
637 1167 733 1228 quam
761 1146 926 1210 levissimo
950 1149 1150 1210 marmorato
1165 1170 1191 1210 ro

138 1235 198 1298 toti
234 1235 374 1317 parietes
412 1255 449 1298 ac
486 1255 632 1299 camarae
666 1234 854 1298 oblinuntur
885 1238 919 1299 et
951 1235 1151 1300 extrinsecus

137 1324 257 1386 circum
281 1322 448 1404 fenestras,
472 1345 512 1387 na
536 1345 608 1386 mus
633 1327 690 1386 aut
712 1323 835 1387 lacerta
854 1345 918 1407 qua
937 1322 1091 1407 adrepere
1111 1323 1153 1387 ad

105 1411 336 1478 doolumbaria
358 1412 472 1496 possit.
513 1411 595 1475 nihil
619 1412 705 1474 enim
727 1411 873 1475 timidius
892 1412 1050 1477 columba.
1086 1411 1152 1476 sin·

137 1499 220 1583 gulis
254 1500 388 1585 paribus
422 1500 621 1565 columbaria
652 1499 736 1563 fiunt
767 1499 908 1564 rutunda
940 1500 974 1564 in
1006 1500 1152 1564 ordinem

137 1589 263 1672 crebra,
292 1589 417 1653 ordines
447 1611 544 1673 quam
572 1589 704 1671 plurimi
730 1591 868 1672 possunt
891 1591 1021 1653 eterra
1048 1610 1152 1674 usque
1160 1610 1192 1662 rs

137 1677 177 1740 ad
200 1699 372 1742 camaram.
417 1676 615 1741 columbaria
643 1677 770 1759 singula
797 1697 867 1740 esse
894 1680 1024 1760 oportet
1055 1680 1092 1742 ut
1115 1699 1153 1742 os

137 1765 268 1847 habeat,
296 1787 358 1849 quo
389 1766 485 1830 modo
508 1765 644 1829 introire
668 1769 701 1828 et
723 1765 808 1828 exire
831 1765 948 1849 possit,
976 1766 1065 1830 intus
1089 1770 1153 1829 ter·

137 1875 254 1917 narum
281 1854 463 1936 palmarum
491 1875 530 1917 ex
561 1854 711 1918 omnibus
734 1853 892 1935 partibus.
939 1855 999 1918 sub
1023 1854 1152 1918 ordines

138 1943 284 2026 singulos
307 1943 438 2006 tabulae
461 1942 556 2005 fictae
580 1946 617 2005 ut
640 1941 706 2004 sint
730 1941 902 2024 bipalmes,
932 1964 994 2025 quo
1018 1944 1154 2007 utantur

107 2030 298 2098 5vestibulo
327 2052 363 2094 ao
390 2029 556 2112 prodeant.
603 2050 722 2112 aquam
752 2051 822 2094 esse
846 2033 975 2112 oportet
998 2052 1081 2114 quae
1104 2030 1152 2095 in·
1166 2053 1192 2093 ao

137 2118 227 2198 fluat,
250 2117 333 2181 unde
357 2121 390 2181 et
408 2117 519 2182 bibere
538 2120 571 2181 et
589 2117 646 2181 ubi
664 2118 769 2182 lavari
787 2120 925 2201 possint.
953 2119 1153 2201 permundae

139 2207 225 2270 enim
248 2209 325 2271 sunt
346 2206 408 2271 hae
432 2207 588 2270 volucres.
614 2205 723 2289 itaque
746 2210 912 2291 pastorem
931 2208 1154 2272 columbarum

138 2297 299 2379 quotquot
321 2295 488 2360 mensibus
511 2295 625 2360 crebro
648 2299 778 2378 oportet
801 2317 960 2361 everrere:
994 2300 1044 2361 est
1066 2297 1155 2361 enim

139 2383 223 2466 quod
243 2405 315 2448 eum
334 2385 486 2468 inquinat
504 2385 610 2448 locum
631 2384 815 2466 adpositum
835 2384 875 2448 ad
894 2385 965 2469 agri
984 2385 1153 2468 culturam,

138 2473 185 2536 ita
211 2475 249 2536 ut
275 2472 338 2537 hoc
366 2473 525 2555 optimum
554 2494 622 2536 esse
656 2473 846 2555 scripserint
878 2473 986 2557 aliqui
1041 2472 1154 2556 siquae
1167 2493 1195 2534 aa

46 2643 49 2648 ⁴
140 2560 288 2625 columba
311 2561 387 2643 quid
411 2560 588 2643 offenderit,
611 2565 648 2624 ut
670 2561 852 2644 medeatur;
880 2562 990 2645 siquae
1010 2562 1155 2645 perierit,

138 2653 175 2712 ut
203 2649 366 2732 efferatum
405 2649 489 2733 siqui
515 2649 597 2732 pulli
624 2649 731 2713 idonei
759 2653 835 2714 sunt
867 2650 907 2714 ad
939 2650 1153 2732 vendendum,

108 2743 277 2819 tpromat.
323 2737 401 2801 item
426 2759 507 2821 quae
530 2737 615 2802 fetae
639 2740 731 2823 sunt,
753 2737 814 2818 [in]
839 2743 963 2803 certum
986 2740 1092 2803 locum
1116 2742 1155 2802 nt

140 2825 316 2889 disclusum
344 2826 385 2890 ab
413 2827 486 2890 aliis
513 2829 582 2890 rete
609 2826 743 2910 habeat,
771 2848 835 2910 quo
865 2827 1112 2906 transferantur,
1136 2848 1153 2890 e

229 3021 261 3069 11
282 3031 408 3070 camarae
432 3017 470 3084 V,
489 3033 616 3071 camerae
635 3033 728 3086 opopa
773 3023 806 3071 16
825 3033 965 3073 cameram
1006 3023 1041 3072 20
1060 3019 1153 3073 uastu-

139 3086 206 3139 bulo
261 3104 315 3157 quo
334 3087 434 3141 influat
487 3093 521 3141 23
541 3087 710 3156 quodquod
764 3093 799 3142 24
818 3089 980 3159 oppositum
1033 3093 1067 3143 25
1087 3088 1154 3155 scri·

139 3158 388 3226 pserunt-aliquod
407 3159 466 3213 siue
484 3175 556 3227 quae
602 3164 636 3212 26
656 3158 735 3228 siqua
752 3159 867 3229 perierit
916 3165 950 3213 29
969 3159 1155 3215 transferatur

224 3341 258 3389 20
277 3351 348 3403 quae
374 3334 475 3389 influat
493 3335 640 3390 Iucundos
711 3340 746 3389 24
765 3335 927 3404 appositum
944 3351 961 3390 a
1034 3340 1068 3389 25
1088 3337 1154 3390 sori-

139 3404 248 3474 pserint
275 3404 364 3475 aliqui
390 3424 407 3461 u
488 3405 512 3459 ai
536 3423 607 3475 quae
636 3406 765 3460 columba
791 3405 920 3462 Baiuras
941 3411 1043 3477 quaest.
1071 3406 1154 3464 Varr.

139 3482 337 3602 igffllurp'vw
441 3482 473 3531 28
505 3477 535 3531 in
567 3478 664 3532 delevit
695 3477 818 3547 Scaliqer
908 3484 942 3532 29
976 3494 1031 3546 quo
1062 3479 1155 3533 nans·
