2430 3952
222 225 353 281 RERVM
370 224 608 282 RVSTIOARVM
625 228 692 282 LIB.
709 229 720 282 l
737 235 840 283 11-13
996 229 1038 293 29

37 396 60 438 ιι
82 372 261 437 humilibus
285 393 321 436 ac
346 371 433 436 cavis
456 372 535 436 locis
557 372 704 438 aedificia
722 373 854 458 habent,
877 378 910 438 et
928 397 1040 459 repen-

37 462 115 527 inae
143 461 342 544 praedonum
369 483 485 525 manus
513 461 597 546 quod
626 462 808 545 inprovisos
832 462 960 528 facilius
985 486 1039 547 op·

37 551 165 616 ›rimere
199 553 351 633 possunt,
381 550 423 614 ab
456 550 517 614 hac
544 553 681 635 utraque
708 572 742 615 re
774 552 942 634 superiora
968 553 1040 618 loca

37 640 160 706 utiora
971 657 973 661 ’

116 727 155 792 Ιιι
179 727 258 792 villa
282 727 430 792 facienda
454 727 584 791 stabula
607 728 662 806 ita,
690 731 728 790 ut
750 728 874 792 bubilia
897 729 1116 814 sintibi‚X111

37 817 135 881 rieme
159 836 241 900 quae
263 816 391 900 possint
414 837 485 879 csse
508 816 659 881 caldiora.
704 817 839 901 fructus,
863 822 900 881 ut
922 822 972 882 est
994 820 1041 882 vi-

37 928 105 969 rum
134 909 167 968 ct
194 905 315 988 oleum,
342 905 414 969 loco
441 905 539 987 plano
568 905 601 968 in
630 904 734 988 cellis,
762 906 840 970 item
870 909 933 987 [ut]
963 929 1041 971 vasa

37 993 156 1058 rinaria
188 996 221 1057 et
249 993 370 1058 olearia
396 994 505 1077 potius
536 993 734 1056 faciendum:
769 995 892 1080 aridus,
924 998 961 1058 ut
993 999 1042 1058 est

37 1083 105 1148 aba
138 1085 172 1146 et
202 1082 345 1166 faenum,
373 1081 408 1145 in
440 1082 603 1146 tabulatis.
648 1082 775 1163 familia
807 1084 864 1148 ubi
895 1087 1043 1148 versetur

37 1170 276 1254 arovidendum,
309 1172 338 1234 si
364 1171 445 1234 fessi
477 1192 573 1253 opere
606 1175 663 1234 aut
690 1171 812 1256 frigore
841 1177 898 1236 aut
926 1174 1042 1255 calore,

37 1260 84 1324 rbi
106 1259 369 1325 commodissime
391 1259 520 1340 possint
544 1281 577 1323 se
602 1260 709 1343 quiete
732 1261 919 1344 reciperare.
957 1261 1071 1328 vilici2

37 1347 211 1432 proximum
234 1348 365 1412 ianuam
389 1348 503 1412 cellam
532 1370 601 1413 esse
631 1351 760 1432 oportet
788 1370 925 1433 eumque
953 1351 1042 1434 scire,

37 1438 83 1521 pui
106 1437 249 1501 introeat
271 1440 329 1501 aut
351 1439 446 1501 exeat
468 1440 566 1500 noctu
590 1436 705 1520 quidve
729 1437 828 1521 ferat,
851 1440 1042 1522 praesertim

37 1527 56 1591 ri
85 1525 239 1591 ostiarius
267 1529 318 1589 cst
344 1547 448 1590 nemo.
498 1525 533 1588 in
560 1526 673 1608 primis
702 1526 808 1589 culina
841 1526 979 1590 videnda
1007 1532 1043 1589 ut

37 1614 72 1678 m
100 1614 245 1698 admota,
280 1613 365 1697 quod
397 1614 444 1678 ibi
476 1613 582 1676 hieme
611 1613 812 1678 antelucanis
840 1615 1043 1698 temporibus

37 1703 227 1786 aliquotres
251 1702 476 1780 conficiuntur,
500 1703 591 1766 cibus
615 1706 804 1784 paraturae
824 1703 959 1786 capitur.
996 1703 1042 1766 fa·

37 1792 181 1856 riundum
205 1791 303 1856 etiam
332 1791 486 1875 plaustris
515 1813 552 1855 ac
578 1797 685 1855 cetero
714 1791 929 1856 instrumento
953 1793 1042 1856 omni

39 1901 62 1944 n
90 1879 224 1945 cohorte
250 1883 288 1944 ut
316 1879 396 1944 satis
425 1899 546 1962 magna
570 1881 635 1943 sint
656 1882 753 1964 tecta,
777 1880 893 1964 quibus
918 1882 1042 1946 caelum

37 1968 175 2052 aluvium
206 1967 382 2033 inimicum.
426 1968 506 2032 haec
539 1968 625 2032 enirn
658 1969 686 2032 si
717 1970 806 2032 intra
833 1968 978 2034 clausum
1009 1971 1043 2033 in

37 2061 206 2140 tonsaepto
230 2061 263 2121 et
286 2058 346 2122 sub
370 2057 436 2138 dio,
464 2057 568 2120 furem
592 2058 688 2121 modo
713 2079 777 2121 non
801 2063 964 2141 metuunt,
988 2059 1043 2122 ad·

37 2167 140 2210 rersus
163 2149 391 2229 tempestatem
414 2149 585 2210 nocentem
607 2168 674 2210 non
691 2147 856 2210 resistunt.
893 2148 1073 2212 cohortes3

38 2256 62 2298 n
85 2232 186 2299 fundo
209 2255 329 2319 magno
353 2234 434 2298 duae
459 2235 615 2317 aptiores:
640 2257 705 2298 una
728 2238 765 2298 ut
788 2235 944 2300 interdius
968 2257 1043 2300 oon-

37 2323 175 2407 iluvium
198 2323 319 2388 habeat
340 2323 456 2403 lacum,
479 2322 536 2386 ubi
559 2344 643 2405 aqua
667 2324 772 2406 saliat,
796 2325 852 2406 qui
870 2325 958 2388 intra
978 2327 1043 2406 sty-

37 2411 173 2488 ,obatas,
206 2433 277 2475 cum
305 2412 396 2495 velit,
426 2411 469 2475 sit
496 2411 715 2494 semipiscina.
765 2413 863 2476 boves
891 2413 977 2475 enim
1005 2433 1044 2474 ex

37 2521 109 2564 arvo
133 2503 256 2564 aestate
280 2500 404 2564 reducti
425 2499 479 2564 hic
497 2500 623 2582 bibunt,
646 2499 699 2564 hic
718 2500 964 2582 perfunduntur,
984 2521 1044 2563 nec

37 2589 138 2653 ninus
163 2610 180 2653 e
203 2588 325 2671 pabulo
358 2611 431 2653 cum
462 2588 628 2652 redierunt
656 2610 800 2673 anseres,
831 2610 917 2670 sueS,
945 2589 1044 2672 porci.

37 2699 62 2741 n
87 2677 221 2742 cohorte
249 2677 408 2741 exteriore
431 2678 537 2741 lacum
561 2698 631 2741 esse
655 2681 798 2760 oportet,
826 2678 881 2741 ubi
905 2699 1042 2742 macere-

37 2787 82 2830 nr
113 2766 276 2848 lupinum,
310 2767 389 2830 item
417 2766 482 2834 alia
510 2788 593 2850 quae
624 2766 766 2830 demissa
793 2766 829 2830 in
857 2788 975 2850 aquam
1004 2767 1044 2830 ad

37 2876 126 2918 rsum
158 2855 286 2936 aptiora
317 2855 409 2920 fiunt.
462 2854 578 2919 cohors
612 2855 752 2920 exterior
784 2856 896 2920 crebro
930 2859 1075 2940 operta4

37 2943 221 3007 stramentis
255 2965 292 3007 ao
324 2943 419 3027 palea
452 2943 616 3007 occulcata
648 2943 785 3026 pedibus
817 2944 974 3027 pecudum
1007 2945 1045 3007 fit

37 3032 182 3096 ninistra
200 3031 309 3114 fundo,
328 3054 367 3096 cx
387 3054 426 3095 ea
445 3032 529 3115 quod
547 3031 711 3096 evehatur.
745 3033 920 3097 secundum
934 3033 1045 3097 villam

37 3121 92 3185 luo
123 3119 240 3184 habere
270 3125 399 3204 oportet
427 3120 593 3184 Stercilina
617 3125 795 3184 autunum
824 3121 974 3186 bifariam
999 3121 1045 3184 di-

37 3210 145 3273 risum.
196 3209 332 3273 alteram
366 3209 450 3273 enim
483 3213 609 3292 partem
642 3209 712 3272 fieri
746 3213 875 3292 oportet
904 3210 1042 3292 [villam]

37 3319 163 3381 rovam,
195 3297 331 3362 alteram
359 3305 502 3363 veterem
529 3298 601 3362 tolli
629 3299 662 3361 in
691 3320 820 3384 agrum,
849 3299 934 3382 quod
958 3300 1044 3362 enim

119 3513 185 3561 310
204 3523 254 3562 om.
346 3512 379 3561 16
399 3505 514 3576 aliquod
595 3513 630 3562 24
649 3524 683 3561 ex
701 3508 769 3562 arbo
853 3513 887 3561 26
907 3523 922 3562 e
940 3507 1043 3576 pauolo

37 3584 62 3634 32
82 3580 220 3633 autunum
240 3580 416 3648 (autumnum
431 3579 557 3647 plurimo
575 3580 746 3650 upoprapbu)
