2430 3952
153 224 197 289 94
568 221 755 278 VARRONIS

153 370 223 434 nati
241 369 356 452 hieme,
375 369 459 433 fiunt
477 369 577 432 exiles
596 372 728 453 propter
746 369 870 452 frigora
888 370 921 432 et
940 367 1024 451 quod
1046 372 1173 434 matres

154 463 368 542 aspernantur
390 462 523 541 propter
545 458 755 541 exiguitatem
780 457 883 539 lactis,
907 455 993 539 quod
1015 456 1172 523 dentibus

154 547 339 611 sauciantur
361 553 533 630 propterea
556 567 723 610 mammae.
761 545 868 610 scrofa
890 545 924 608 in
943 566 1002 610 sua
1021 566 1172 630 quaeque

152 635 234 700 hara
253 657 328 700 suos
349 636 415 700 alat
434 638 562 718 oportet
579 656 705 718 porcos,
729 635 812 717 quod
833 634 957 699 alienos
975 654 1039 698 aon
1060 656 1172 718 asper·

153 728 251 788 natur
269 729 302 788 et
319 724 406 807 ideo,
425 724 454 787 si
474 724 659 788 conturbati
678 723 805 787 suntin
824 723 939 806 fetura,
961 723 1000 787 fit
1018 722 1171 790 deterior.
1197 744 1209 784 s

102 816 271 880 14natura
295 812 417 877 divisus
441 835 551 877 earum
576 834 680 875 annus
704 811 871 893 bifariam,
900 811 984 896 quod
1008 811 1058 876 bis
1081 812 1172 896 parit

153 903 187 964 in
207 923 306 966 anno:
331 902 497 984 quaternis
516 901 680 964 mensibus
700 900 763 964 fert
781 904 937 984 ventrem,
960 899 1046 965 binis
1065 902 1171 966 nutri·

153 994 215 1056 cat.
253 991 367 1054 haram
385 989 490 1053 facere
511 993 637 1072 oportet
660 989 787 1053 circiter
809 990 908 1074 trium
927 987 1046 1072 pedum
1066 991 1168 1055 altam

154 1085 186 1144 et
209 1079 312 1142 latam
340 1078 479 1162 amplius
503 1078 614 1160 paulo,
643 1099 681 1142 ea
704 1077 875 1141 altitudine
900 1076 958 1140 abs
985 1080 1090 1163 terra,
1118 1100 1170 1162 ne,

153 1167 229 1230 dum
253 1166 363 1230 exilire
382 1167 460 1230 velit
479 1187 650 1250 praegnas,
674 1167 811 1231 abortet.
849 1165 1033 1230 altitudinis
1052 1167 1204 1232 medusa

153 1256 206 1337 sit,
228 1258 265 1318 ut
288 1255 439 1319 subulcus
462 1254 557 1318 facile
582 1255 826 1337 circumspicere
849 1254 954 1338 possit
976 1256 1075 1339 nequi
1094 1278 1167 1341 por·

152 1344 252 1407 cellus
277 1365 296 1407 a
318 1348 421 1407 matre
441 1344 651 1427 opprimatur,
674 1346 706 1406 et
724 1349 760 1407 ut
778 1343 872 1407 facile
890 1343 1042 1427 purigare
1063 1345 1168 1426 possit

152 1432 266 1496 cubile.
311 1432 344 1496 in
368 1433 457 1496 haris
481 1431 600 1496 ostium
625 1453 694 1495 esse
714 1436 843 1515 oportet
861 1435 894 1496 et
911 1432 1011 1495 limen
1029 1432 1166 1497 inferius

152 1522 255 1585 altum
273 1521 497 1604 palmipedale,
515 1543 556 1584 ne
575 1521 673 1604 porci,
694 1543 731 1584 ex
746 1521 825 1584 hara
840 1542 913 1585 cum
930 1523 1034 1584 mater
1048 1521 1167 1604 prodit,

102 1618 140 1676 15
151 1610 315 1674 transilire
334 1610 468 1694 possint.
497 1609 783 1694 quotienscumque
802 1608 900 1672 haras
919 1609 1075 1674 subulcus
1093 1632 1165 1695 pur·
1178 1627 1200 1668 u

152 1702 222 1782 gat,
254 1697 375 1762 totiens
406 1698 561 1762 harenam
594 1699 713 1762 inicere
737 1701 878 1781 oportet,
907 1701 963 1762 aut
986 1698 1065 1782 quid
1088 1701 1165 1764 item

153 1786 239 1870 quod
259 1790 394 1870 exsugat
417 1808 562 1850 umorem
585 1787 619 1849 in
639 1786 783 1870 singulas
801 1785 899 1850 haras
918 1786 1037 1851 inicere
1057 1786 1165 1870 debet,

152 1879 184 1938 ct
204 1896 276 1938 cum
294 1875 429 1957 peperit,
448 1875 587 1959 largiore
606 1875 715 1938 cibatu
734 1878 930 1953 sustentare,
953 1897 1017 1960 quo
1036 1874 1165 1941 facilius

150 1963 200 2027 lac
238 1963 442 2046 suppeditare
481 1963 594 2045 possit.
649 1964 708 2043 [in]
741 1964 858 2046 quibus
891 1963 1003 2028 hordei
1035 1964 1164 2030 circiter

151 2051 246 2115 binas
265 2051 365 2114 libras
385 2072 470 2134 aqua
489 2050 687 2116 madefactas
707 2051 782 2116 dare
797 2052 912 2136 solent,
931 2051 1163 2137 quodquidam
1175 2071 1197 2111 πο

150 2139 324 2223 duplicant,
348 2143 385 2203 ut
406 2140 450 2203 sit
468 2161 561 2204 mane
580 2144 613 2203 et
630 2141 765 2224 vesperi,
789 2141 817 2204 si
836 2141 901 2204 alia
919 2161 1001 2224 quae
1020 2142 1164 2206 obiciant

99 2233 215 2293 16non
237 2228 420 2292 habuerint.
466 2250 538 2293 cum
562 2230 653 2312 porci
677 2229 801 2312 depulsi
825 2233 902 2294 sunt
926 2252 945 2294 a
968 2251 1162 2314 mammae

151 2316 344 2400 quibusdam
374 2316 467 2381 delioi
490 2319 695 2402 appellantur
718 2339 821 2401 neque
844 2318 909 2381 iam
932 2318 1095 2384 lactantes
1118 2320 1162 2383 di·

150 2409 273 2490 cuntur,
297 2406 351 2489 qui
375 2428 394 2468 a
416 2409 513 2490 partu
538 2406 661 2472 decimo
686 2406 736 2470 die
759 2405 922 2470 habentur
950 2407 1036 2491 puri,
1055 2412 1100 2473 -et
1121 2408 1161 2472 ab

150 2516 187 2560 eo
212 2494 416 2579 appellantur
441 2495 482 2559 ab
506 2496 646 2579 antiquis
671 2516 786 2577 sacres,
810 2495 895 2578 quod
917 2499 987 2559 tum
1006 2495 1047 2559 ad
1067 2496 1195 2562 sacri-²⁶

149 2584 258 2647 ficium
281 2583 388 2648 idonei
413 2583 563 2647 dicuntur
585 2585 736 2668 primum.
772 2585 881 2667 itaque
906 2587 986 2668 aput
1007 2584 1162 2650 Plautum

149 2671 184 2735 in
208 2671 448 2754 Menaechimis,
471 2693 544 2737 cum
567 2673 719 2737 insanum
744 2693 839 2756 quem
862 2676 965 2757 putat,
987 2675 1026 2736 ut
1045 2674 1161 2756 pietur,

149 2760 183 2822 in
208 2760 325 2843 oppido
349 2759 534 2843 Epidamno
558 2761 737 2845 interrogat
761 2760 884 2844 ‘quanti
902 2761 955 2825 hic
974 2762 1066 2844 porci
1087 2766 1162 2827 sunt

239 2950 374 3005 1exsilee
474 2951 706 3022 dexsiguitatem
801 2953 918 3023 4hara]
939 2954 1009 3007 hora
1107 2969 1160 3023 qno

149 3022 255 3076 alienos
274 3024 459 3091 aspernantur
514 3023 672 3078 bdeterius
728 3030 859 3078 6eorum
919 3023 1020 3078 bifaria
1076 3023 1161 3079 tabe

148 3092 251 3147 terram
333 3098 366 3147 10
385 3109 527 3161 praegnax
614 3100 646 3148 16
665 3094 798 3148 harenam
819 3098 943 3162 (arenam
967 3094 1007 3162 V)
1061 3100 1094 3150 17
1112 3094 1162 3148 hu·

147 3181 254 3218 morem
341 3169 373 3217 18
392 3164 504 3233 peperit
522 3164 674 3234 (pepererit
699 3165 737 3234 V)
829 3170 864 3219 20
882 3165 1012 3234 quodque
1032 3182 1096 3220 oum
1114 3166 1161 3220 de·

148 3235 295 3303 publicant
367 3235 499 3289 accoliti
573 3242 607 3290 28
627 3235 777 3305 epidamdo

236 3437 253 3484 4
271 3431 341 3485 bara
358 3446 374 3485 o
482 3430 549 3498 quia
572 3429 679 3485 alienos
701 3448 757 3485 non
776 3432 961 3499 aspernantur
979 3430 1161 3488 Schneidems

148 3508 280 3556 6eorum
305 3502 442 3557 Victorius
505 3500 668 3569 bifariamo
730 3504 800 3557 9ab
819 3504 928 3557 terras
988 3507 1023 3556 23
1042 3502 1162 3558 delicio

147 3577 181 3626 28
200 3572 392 3642 Epidamnos
