2430 3952
256 219 387 274 anuum
405 217 640 274 avsmcnavn
657 218 723 276 ma.
737 219 750 272 1
764 224 887 275 ss-se·
1028 220 1070 284 65

57 388 142 452 quas
167 369 284 431 vocant
308 365 401 447 sirus,
424 368 461 428 ut
482 365 517 428 in
539 362 749 448 Cappadocia
771 386 808 429 ac
832 364 985 448 Thracia3
1016 365 1073 430 alii

55 459 187 541 puteos,
211 456 248 518 ut
270 454 305 517 in
326 452 488 537 Hispania
511 452 658 517 citeriore
683 456 746 536 [ut]
774 455 808 517 in
832 474 912 537 agro
937 451 1072 518 Cartha-

56 542 204 630 giniensi
227 545 261 607 et
282 541 424 607 Oscensi.
470 541 586 606 horum
610 544 714 607 solum
739 543 841 628 paleis
860 545 1073 608 substernunt

56 637 93 697 ot
120 633 238 697 curant
264 651 306 694 ne
333 652 427 694 umor
455 634 511 694 aut
534 652 589 694 aer
611 635 744 716 tangere
767 632 885 715 possit,
912 632 977 696 nisi
1001 653 1073 695 cum

27 720 224 806 spromitur
251 718 291 783 ad
319 740 422 783 usum.
467 740 531 802 quo
559 719 644 783 enim
673 720 806 803 spiritus
830 743 895 785 non
918 721 1074 804 pervenit,

57 809 108 875 ibi
129 830 199 874 non
222 808 325 872 oritur
348 807 499 872 curculio.
536 808 583 872 sic
606 808 772 872 conditum
795 810 939 873 triticum
963 813 1074 873 manet

58 895 112 965 dol
131 918 235 961 annos
254 894 289 981 L,
311 895 437 960 milium
455 916 532 960 vero
550 896 623 979 plus
643 919 746 962 annos
766 896 800 963 Ο.
838 920 937 982 supra
953 901 1103 963 terram?

59 984 217 1073 granaria
228 985 263 1049 in
272 1004 352 1068 agro
367 984 500 1068 quidam
514 985 666 1049 sublimia
675 985 809 1069 faciunt,
822 991 859 1050 ut
869 988 903 1050 in
913 985 1075 1069 Hispania

59 1074 213 1141 citeriore
231 1076 264 1137 et
282 1073 317 1136 in
335 1072 456 1156 Apulia
473 1073 614 1157 quidam,
633 1097 713 1157 quae
732 1097 796 1139 non
814 1076 919 1139 solum
935 1098 954 1140 a
968 1075 1075 1138 lateri-

18 1165 123 1229 robus
156 1184 216 1246 per
245 1161 406 1226 fenestras
439 1162 496 1225 sed
528 1163 626 1226 etiam
660 1164 774 1228 subtus
807 1186 825 1228 a
855 1164 926 1228 solo
959 1166 1075 1229 ventus

59 1251 256 1335 refrigerare
279 1251 392 1333 possit.
428 1250 505 1314 faba
527 1255 556 1314 ct
576 1252 742 1334 legumina
764 1254 799 1316 in
818 1253 947 1317 oleariis
966 1252 1052 1318 vasis
1062 1267 1151 1323 LVIII

61 1340 169 1406 oblita
190 1339 297 1403 cinere
319 1337 434 1421 perdiu
456 1337 632 1403 incolumia
655 1344 833 1405 servantur.

154 1425 236 1493 (lato
255 1427 303 1490 ait
320 1449 417 1491 uvam
436 1426 620 1491 aminneam
639 1429 852 1493 minusculam
868 1433 900 1494 et
920 1430 1077 1494 maiorem

61 1520 96 1582 et
126 1515 268 1599 apiciam
298 1515 332 1578 in
365 1515 439 1580 ollis
472 1516 732 1581 commodissime
761 1518 866 1582 condi:
899 1518 1011 1581 eadem
1043 1519 1077 1580 in

22 1630 49 1671 u
62 1627 148 1689 sapa
170 1609 204 1669 et
225 1607 333 1669 musto
356 1607 457 1668 recta:
480 1626 559 1688 quas
583 1605 761 1688 suspendas
786 1606 1076 1689 opportunissimas

63 1715 136 1759 esse
168 1692 339 1758 duracinae
370 1695 402 1757 ct
432 1694 598 1758 aminneas
629 1694 853 1775 [scantianas].
900 1693 938 1757 de
970 1694 1077 1777 pomis
1088 1711 1150 1764 mx

63 1781 238 1863 conditiva,
257 1781 344 1846 mala
363 1781 520 1865 struthea,
539 1786 682 1867 cotonea,
702 1784 878 1864 scantiam,
898 1782 1079 1863 scandiana,

64 1869 251 1937 orbiculata
274 1874 307 1933 ct
329 1891 411 1953 quae
431 1874 526 1935 antea
544 1874 671 1936 mustea
693 1872 864 1954 vocabant,
884 1892 970 1935 nunc
989 1871 1079 1935 meli-

63 1960 153 2024 mela
182 1958 361 2042 appellant,
388 1959 469 2023 baec
497 1960 606 2024 omnia
633 1961 665 2024 in
694 1962 765 2025 loco
790 1960 880 2025 arido
905 1964 937 2024 et
960 1959 1080 2043 frigido

25 2069 168 2132 usupra
199 2047 310 2130 paleas
347 2048 457 2132 posita
489 2049 612 2112 servari
644 2053 731 2113 recte
763 2053 888 2133 putant.
944 2053 976 2112 et
1008 2048 1080 2113 ideo

65 2135 285 2221 oporothecas
317 2136 373 2219 qui
402 2136 535 2220 faciunt,
570 2137 610 2200 ad
641 2139 824 2222 aquilonem
852 2141 889 2201 ut
917 2136 1078 2201 fenestras

63 2226 214 2291 habeant
237 2227 332 2306 atque
354 2229 393 2289 ut
415 2246 472 2289 eae
494 2225 670 2309 perdentur
694 2229 817 2308 curant,
844 2247 948 2309 nequa
970 2230 1080 2289 tamen

66 2314 138 2379 sine
168 2312 329 2393 forioulis,
357 2335 408 2395 ne,
438 2334 512 2377 cum
542 2336 686 2379 umorem
718 2315 894 2396 amiserint,
923 2314 1081 2395 pertinaci

65 2405 167 2467 vento
191 2401 280 2464 vieta
301 2401 395 2485 fiant3
437 2401 572 2485 ideoque
595 2404 629 2466 in
652 2403 693 2466 iis
718 2424 864 2466 camaras
886 2404 1111 2466 marmorato‘l

30 2494 102 2555 aec
123 2489 267 2574 parietas
289 2491 540 2573 pavimentaque
565 2489 605 2571 [L
625 2491 846 2571 laudabiliter]
866 2490 998 2570 faciunt,
1019 2510 1082 2571 quo

65 2577 220 2663 trigidius
243 2577 295 2642 sit
331 2578 366 2643 in
389 2600 453 2661 quo
477 2580 575 2643 ctiam
595 2580 724 2662 quidam
743 2578 921 2643 triclinium
940 2582 1084 2641 sternere

67 2667 181 2732 solent
203 2665 341 2730 cenandi
362 2688 469 2731 causa.
514 2669 632 2732 etenim
661 2667 834 2751 inquibus
859 2667 986 2730 luxuria
1010 2687 1083 2730 con·

67 2754 207 2821 cesserit
233 2758 271 2817 ut
296 2755 331 2818 in
358 2754 568 2839 pinacothece
591 2756 727 2838 faciant,
755 2756 840 2839 quod
864 2755 1084 2839 spectaculum

67 2844 168 2909 datur
191 2843 232 2907 ab
256 2846 334 2924 arte,
357 2865 414 2907 cur
436 2865 501 2908 non
525 2845 609 2928 quod
628 2850 744 2909 natura
763 2845 875 2908 datum
895 2848 1027 2907 utantur
1050 2844 1084 2906 in

32 2956 56 2997 ao
68 2934 245 2998 venustate
263 2931 424 3014 disposita
441 2934 635 3016 pomorum?
664 2935 856 3016 praesertim
875 2954 948 2997 oum
968 2932 1000 2995 id
1020 2952 1085 2996 non

164 3130 179 3177 1
198 3121 329 3177 thracbia
417 3122 467 3177 alii
486 3126 519 3177 nt
536 3124 567 3177 in
589 3124 720 3193 hispania
737 3122 867 3178 citeriore
888 3126 988 3193 puteos
1005 3126 1038 3177 ut
1057 3122 1086 3175 in

69 3213 142 3266 agro
235 3199 269 3246 11
283 3209 412 3263 segetare
483 3194 551 3249 laba
567 3194 711 3263 legumina
803 3194 1086 3264 1oo1nrtuniseimac

70 3262 340 3336 (opportunissimas
364 3265 402 3332 V)
480 3273 512 3320 1⁷
533 3266 696 3336 scandimus}
717 3266 869 3321 scandiana
951 3272 986 3319 ‘ab
1005 3266 1088 3333 palca

70 3344 107 3393 22
122 3337 219 3404 adque
255 3342 289 3389 23
306 3334 453 3391 humorem
489 3336 567 3390 acin
586 3336 630 3391 his
648 3338 689 3405 (in
707 3337 742 3390 iis
760 3338 923 3423 opopropbo
939 3336 1087 3403 manullo)

166 3502 200 3551 11
219 3494 385 3565 refrigerare
408 3495 589 3551 Schmiderus
659 3496 726 3551 laba
749 3502 778 3551 et
802 3494 980 3563 leguminac
1052 3495 1090 3546 10

68 3568 173 3640 paleas
192 3568 251 3621 cod.
269 3567 362 3621 Paria
436 3574 470 3621 25
488 3566 670 3623 landabiliter
687 3569 785 3623 delerit
803 3567 926 3635 ¹S'ccls'per

125 3667 217 3709 Vmo
230 3674 286 3706 m.
299 3676 365 3707 aasz.
913 3660 929 3709 5
