2430 3960
109 192 172 257 122
520 190 707 246 VARRONIS

105 337 240 402 Graecia
263 337 351 401 intra
373 336 463 400 mille
487 357 646 402 annorum
669 338 828 420 repertae,
851 335 924 422 agri
944 357 1118 420 numquam

105 449 171 490 non
192 426 316 490 fuerint
343 425 377 489 in
404 425 500 490 terris
530 425 587 508 qui
617 425 681 488 coli
704 425 843 509 possint.
887 446 992 510 neque
1016 424 1118 490 solum

106 515 269 599 antiquior
292 515 420 579 cultura
442 513 522 598 agri,
552 513 608 577 sed
632 514 730 578 etiam
754 513 877 578 melior.
922 514 1036 598 itaque
1057 534 1119 579 non

106 604 174 668 sine
198 625 296 668 causa
319 603 458 666 maiores
479 603 584 666 nostri
604 623 643 666 ex
661 602 741 666 urbe
760 602 795 666 in
813 621 911 686 agros
930 601 1119 687 redigebant

106 714 181 756 suos
218 692 322 771 cives,
364 690 451 773 quod
487 693 520 754 et
555 691 590 754 in
627 711 707 772 pace
743 712 763 753 a
800 690 930 755 rusticis
962 688 1150 756 Romanius

73 780 277 846 delebantur
310 782 343 843 et
374 779 408 843 in
440 779 526 843 bello
555 779 597 842 ab
625 777 677 842 his
706 777 913 844 ducebantur.
963 798 1026 844 nec
1054 779 1121 845 sine

107 890 204 933 causa
226 872 347 933 terram
368 868 503 931 eandem
523 867 735 950 appellabant
753 870 891 932 matrem
910 869 944 932 et
962 864 1121 951 Cererem,

105 960 138 1021 ct
162 958 217 1040 qui
240 979 313 1021 eam
336 957 487 1034 colerent,
509 956 598 1039 piam
623 958 655 1019 et
678 955 791 1020 utilem
816 975 912 1040 agere
933 955 1040 1021 vitam
1057 976 1122 1021 crc-

105 1045 227 1109 debant
251 1050 347 1128 atque
372 1064 427 1107 eos
452 1043 539 1108 solos
558 1044 701 1128 reliquos
720 1066 791 1108 esse
810 1044 970 1127 exstirpe
989 1042 1122 1109 Saturni

104 1135 201 1216 regis.
251 1134 304 1197 cui
337 1135 590 1199 consentaneum
623 1137 689 1214 est,
722 1132 807 1216 quod
839 1132 934 1197 initia
966 1136 1153 1199 vocanturrc

74 1221 312 1305 sspotissimum
345 1243 383 1284 ea
416 1242 498 1304 quae
531 1218 639 1284 Cereri
669 1221 752 1284 fiunt
782 1242 884 1285 sacra.
928 1242 990 1286 nec
1018 1222 1123 1287 minus

106 1308 218 1392 oppidi
237 1330 364 1392 quoque
382 1330 501 1373 nomen
520 1308 652 1373 Thebae
671 1309 796 1374 indicat
815 1309 1037 1393 antiquiorem
1054 1330 1122 1375 asse

106 1419 231 1483 agrum,
255 1396 341 1481 quod
364 1397 405 1461 ab
430 1398 501 1483 agri
525 1419 651 1483 genere,
681 1419 748 1462 non
771 1421 791 1461 a
814 1396 982 1463 conditore
1004 1418 1123 1463 nomen

106 1487 135 1550 ci
163 1488 214 1550 est
242 1486 433 1569 inpositum.
477 1508 553 1550 nam
580 1486 694 1571 lingua
721 1486 830 1568 prisca
862 1490 895 1549 ct
925 1486 960 1552 in
988 1485 1123 1551 Graecia

105 1576 216 1639 Aeolis
240 1574 356 1640 Boeoti
385 1575 455 1638 sinc
482 1575 602 1639 adflatu
630 1578 749 1638 vocant
776 1575 866 1640 collis
894 1576 1004 1657 tebas,
1036 1578 1071 1639 et
1090 1574 1155 1639 inu

107 1663 251 1749 Sabinis,
280 1686 343 1748 quo
368 1685 385 1726 e
408 1662 543 1728 Graecia
566 1668 723 1728 venerunt
744 1662 884 1747 Pelasgi,
913 1663 1014 1728 etiam
1037 1684 1124 1729 nunc

105 1753 152 1817 ita
176 1752 299 1834 dicunt,
323 1752 413 1816 cuius
437 1752 610 1837 vestigium
631 1752 664 1815 in
684 1772 762 1835 agro
782 1749 903 1816 Sabino
923 1752 978 1816 via
997 1748 1124 1817 Salaria

104 1862 172 1905 non
200 1842 297 1924 longe
326 1863 345 1905 a
372 1840 488 1923 Reate,
518 1840 678 1904 miliarius
707 1841 810 1905 clivus
838 1861 912 1904 cum
940 1840 1124 1924 appellatur

75 1930 209 1995 ltebac.
247 1929 320 2013 agri
343 1929 504 1993 culturam
528 1929 635 2010 primo
654 1932 790 2013 propter
807 1932 1038 2013 paupertatem
1055 1950 1123 1993 ma-

105 2018 192 2080 xime
225 2017 432 2080 indiscretam
464 2015 647 2095 habebant,
679 2017 764 2101 quod
797 2039 816 2081 a
847 2018 1037 2102 pastoribus
1068 2016 1157 2102 quia

107 2109 200 2169 erant
227 2104 292 2169 orti
319 2105 352 2167 in
380 2104 493 2169 codem
522 2126 601 2188 agro
631 2108 664 2169 et
691 2105 843 2169 serebant
871 2109 904 2170 et
933 2106 1123 2190 pascebant:

108 2214 189 2276 quaa
216 2197 331 2275 postea
360 2198 530 2257 creverunt
556 2194 694 2278 pecunia
721 2194 910 2278 diviserunt,
939 2216 978 2259 ac
999 2194 1124 2259 factum

75 2287 143 2349 8ut
166 2281 348 2345 dicerentur
375 2281 431 2345 alii
455 2283 634 2365 agricolae,
662 2281 718 2347 alii
740 2287 899 2365 pastores.
943 2304 1029 2367 quae
1052 2283 1125 2367 ipsa

105 2391 181 2454 pars
205 2371 323 2455 duplex
346 2376 405 2448 est,
428 2372 561 2435 tametsi
584 2371 625 2435 ab
649 2370 738 2435 nullo
763 2372 842 2436 satis
865 2372 1016 2456 discreta,
1038 2370 1125 2456 quod

106 2461 209 2524 altera
232 2463 281 2524 est
303 2459 447 2524 villatica
468 2460 593 2542 pastio,
617 2459 720 2523 altera
743 2459 891 2543 agrestis.
937 2459 1019 2524 haec
1045 2462 1158 2527 noua

107 2551 139 2611 et
171 2548 300 2630 nobilis,
332 2548 417 2631 quod
449 2554 482 2611 et
513 2548 665 2632 pecuaria
693 2547 889 2632 appellatur,
922 2551 956 2612 et
983 2549 1138 2613 multum·

105 2636 253 2701 homines
287 2637 468 2720 locupletes
502 2637 544 2701 ob
575 2657 646 2700 eam
679 2658 746 2700 rem
776 2640 834 2701 aut
861 2636 1040 2702 conductos
1068 2639 1126 2701 aut

106 2728 235 2876 itit?
262 2725 662 2895 tlttuztlltttt
685 2724 1125 2898 lltttettltltlt

237 2861 246 2894 7

107 2904 192 2964 esset
223 2901 342 2983 pastio,
375 2923 477 2984 neque
510 2902 671 2986 explicata
703 2904 773 2965 tota
807 2864 1021 2986 separatim,
1038 2900 1160 2986 quoda

75 2989 222 3072 Sisciam,
250 2989 291 3053 ab
323 2989 398 3054 ullo.
444 2990 554 3075 itaque
578 3012 652 3055 cum
674 2993 824 3074 putarem
848 3012 918 3056 esse
940 3012 1052 3055 rerum
1073 3012 1125 3055 ru-

108 3123 322 3131 ——·——-

196 3198 261 3253 tin
280 3198 354 3268 agris
410 3199 482 3254 tab
501 3199 545 3253 his
565 3199 665 3268 (abiis
685 3200 822 3255 nonnulla
840 3200 1013 3271 apographa)
1075 3200 1126 3255 du·

107 3269 253 3340 cebantur]
275 3269 422 3324 alebantur
499 3271 630 3339 9adque
709 3276 741 3325 12
765 3271 893 3325 indicant
967 3276 1000 3325 15
1023 3270 1126 3325 thebas

108 3347 141 3395 18
160 3344 220 3395 rete
239 3343 327 3408 (reate
352 3341 390 3409 V)
432 3340 521 3395 cliuus
541 3342 700 3411 appellatur
717 3341 821 3397 thebae
840 3359 902 3397 cum
921 3340 1127 3412 agriculturam
1160 3402 1164 3409 ,

112 3458 155 3465 ,-

197 3541 215 3591 4
232 3537 262 3591 in
280 3554 362 3607 agros
381 3553 396 3591 o
472 3541 503 3589 12
523 3535 631 3591 indicat
649 3553 696 3591 mc
