2430 3952
113 214 155 277 10
402 269 404 274 ,
527 211 713 268 VARRONIS

18 427 22 433 ,
111 362 208 444 gatus
242 358 282 422 ab
313 356 400 422 aedit
386 360 490 459 turno,
522 361 559 421 ut
591 357 696 422 dicere
729 356 899 421 didicimus
927 379 947 420 a
973 359 1031 440 pat
1016 357 1123 421 tribus

111 447 243 529 nostris,
262 453 298 510 ut
316 446 508 530 corrigimur
526 445 742 510 crecentibus
762 446 904 528 urbanis,
924 445 964 509 ab
984 444 1123 510 aedituo.

6 544 14 559 ⁶
112 534 230 598 offendi
247 532 344 600 ibiO
357 532 569 614 Fundanium,
585 555 736 598 socerum
751 538 919 615 meum,et
887 531 968 598 etO.
983 531 1122 618 Agrium

112 606 252 706 equitem
285 623 322 688 R
348 621 471 686 Socrat‘
448 627 547 686 ticum
580 627 613 686 et
645 621 680 686 P.
704 621 881 704 Agrasium
912 622 1123 705 publicanum

112 713 326 794 spectantes
317 733 352 774 ιιι
375 710 498 793 pariete
525 711 594 794 pict
596 715 702 774 amt
671 709 810 774 Italiam.
856 708 941 785 Quid
965 732 1022 774 vos
1046 709 1163 774 hiera

111 800 254 882 inquam,
272 822 349 863 num
367 799 468 863 feriae
483 799 679 864 sementivae
695 799 818 863 otiosos
833 799 898 862 huc
912 798 1125 881 adduxerunt,

78 891 148 952 aut
171 891 281 971 patres
305 891 338 950 et
360 909 438 971 avos
463 887 613 952 solebant
635 888 787 952 nostros?
820 885 890 951 Nos
909 908 995 966 ver0,
1017 887 1125 969 inquit

111 976 242 1060 Agrius,
265 979 302 1038 ut
325 975 475 1058 arbitror,
497 974 609 1039 eadem
629 974 695 1055 [de]
715 997 813 1039 causa
831 997 912 1058 quae
931 979 972 1058 te,
995 975 1124 1059 rogatio

113 1064 277 1129 aeditumi.
312 1064 423 1148 itaque
447 1064 476 1127 si
498 1064 546 1127 ita
567 1067 625 1147 est,
647 1067 685 1127 ut
703 1063 827 1146 adnuis,
849 1085 975 1127 morere
994 1066 1126 1145 oportet

111 1153 294 1235 nobiscum,
324 1152 399 1214 dum
432 1152 488 1215 ille
519 1157 647 1216 reverta
612 1154 709 1217 ta.tur
763 1174 840 1215 nam
873 1151 1008 1216 accersit
994 1156 1046 1216 tus
1080 1152 1122 1215 ab
1137 1175 1163 1214 io

112 1241 228 1322 aedile,
260 1240 350 1304 cuius
373 1243 526 1324 procurat
527 1241 557 1304 io
512 1240 677 1304 thuius
699 1241 812 1324 templi
837 1243 886 1303 est
872 1240 1057 1319 tnondum
1076 1261 1126 1304 re·

113 1328 173 1392 diit
201 1331 233 1392 et
260 1350 319 1392 nos
346 1328 395 1392 uti
423 1331 665 1412 expectaremus
694 1350 728 1393 se
750 1329 882 1411 reliquit
905 1330 959 1412 qui
981 1330 1163 1422 rogaret..

112 1417 202 1482 Volt'
179 1423 221 1481 tis
244 1416 345 1500 igitur
368 1417 492 1480 interea
515 1423 569 1481 vet
571 1439 607 1480 us
630 1417 847 1500 proverbium,
871 1415 955 1500 quod
979 1420 1029 1481 est
1049 1402 1141 1480 ‘Ro-

113 1527 228 1570 manus
258 1505 396 1569 sedendo
425 1504 540 1569 vincit'
543 1526 789 1588 ,usurpemus,
820 1505 897 1568 dum
928 1505 984 1568 ille
1012 1505 1124 1569 venit?

113 1593 238 1677 Sane,
229 1595 336 1678 inquit
355 1594 486 1677 Agrius,
509 1593 554 1657 Et
576 1593 672 1658 simul
690 1594 839 1677 cogitans
860 1597 994 1676 portam
1012 1593 1124 1658 itineri
1139 1614 1163 1657 15

113 1682 176 1748 dici
198 1683 424 1767 longissimam
452 1704 523 1746 esse
546 1682 587 1746 ad
615 1682 771 1781 subsellia
794 1686 929 1764 sequent
915 1682 1003 1746 tibus
1026 1682 1124 1746 nobis

112 1770 265 1852 procedit.

81 1866 101 1922 3
201 1859 281 1923 Cum
310 1858 579 1935 consedissemus,
608 1857 779 1942 Agrasius,
806 1856 890 1939 Vos,
918 1858 973 1940 qui
1002 1857 1124 1921 multas

112 1946 364 2030 perambulastis
381 1949 493 2030 terras,
513 1968 647 2030 ecquam
668 1945 837 2009 cultiorem
856 1945 956 2010 Italia
974 1945 1125 2010 vidistis?

112 2035 228 2117 inquit.
277 2033 349 2118 Ego
373 2056 457 2112 vero,
481 2035 611 2118 Agrius,
634 2034 758 2097 nullam
782 2034 925 2098 arbitror
948 2056 1017 2097 esse
1040 2055 1123 2118 quae
1138 2059 1163 2098 co

113 2126 181 2187 tam
205 2125 276 2187 tota
300 2124 343 2186 sit
366 2123 464 2186 culta.
500 2123 641 2204 primum
663 2143 736 2186 cum
756 2122 843 2186 orbis
867 2125 974 2185 terrae
1000 2122 1124 2187 divisus

114 2211 158 2274 sit
180 2212 214 2275 in
238 2211 317 2274 duas
341 2216 449 2292 partes
474 2211 515 2274 ab
538 2210 755 2275 Eratosthene
777 2232 929 2274 maxume
949 2210 1125 2275 secundum

80 2303 275 2382 uncturam,
301 2297 341 2362 ad
365 2298 533 2362 meridiem
556 2321 667 2363 versus
691 2304 724 2362 et
748 2300 787 2363 ad
811 2299 1067 2382 septemtriones,
1092 2303 1126 2364 et
1159 2317 1163 2328 ⁴

114 2388 184 2452 sine
208 2386 304 2451 dubio
329 2386 482 2470 quoniam
505 2388 665 2452 salubrior
682 2410 758 2470 pars
778 2387 1054 2470 septemtrionalis
1073 2390 1125 2451 est

10 2515 12 2519 ,
113 2498 209 2559 quam
233 2475 424 2558 meridiana,
447 2480 480 2539 et
508 2498 589 2559 quae
614 2476 796 2540 salubriora
819 2476 875 2539 illa
898 2475 1125 2560 fructuosiora,
1140 2499 1163 2540 ιι

114 2565 223 2648 ibique
243 2562 348 2640 Italia,
371 2564 542 2628 dicendum
566 2565 671 2648 magis
696 2585 768 2627 eam
786 2563 886 2627 fuisse
906 2568 1125 2648 opportunam

113 2653 154 2716 ad
173 2652 342 2717 colendum
358 2674 455 2735 quam
470 2651 593 2734 Asiam,
610 2652 752 2734 primum
771 2651 856 2734 quod
872 2655 921 2715 est
934 2654 970 2716 ia
984 2652 1127 2736 Europa,

114 2739 254 2804 secundo
285 2740 369 2822 quod
401 2740 482 2803 haec
510 2739 718 2822 temperatior
749 2761 825 2822 pars
854 2762 952 2823 quam
980 2741 1126 2806 interior.

112 2850 188 2891 narn
215 2828 302 2890 intus
327 2849 428 2909 paene
456 2828 670 2909 sempiternae
697 2827 834 2913 hiemes,
867 2851 970 2913 neque
998 2830 1126 2915 mirum,

205 3025 219 3072 1
239 3017 374 3072 aeditimo
390 3019 484 3086 priore
502 3019 559 3073 loco
640 3025 656 3073 3
675 3017 805 3091 Agrium]
825 3019 930 3075 acrium
1013 3026 1030 3074 9
1049 3019 1125 3074 aedi

112 3089 176 3144 timi
195 3083 348 3159 (aedituum
366 3090 517 3143 recentiora
535 3091 706 3158 apoorapba)
763 3097 795 3144 11
811 3092 935 3145 nundum
990 3096 1023 3144 13
1038 3090 1127 3146 uultis

113 3159 210 3227 (uoltis
220 3162 277 3215 cod
292 3159 371 3227 Par)
428 3159 600 3230 19ecquam]
615 3161 737 3228 etquam
792 3160 934 3230 20inquid
988 3164 1126 3217 tiarato-

113 3232 192 3285 stcne
211 3230 291 3313 (Erat
279 3232 409 3284 thostene
432 3229 469 3298 V)
531 3235 565 3284 25
584 3232 770 3311 fructuosiora
789 3230 937 3286 dicendum
956 3231 1053 3302 ibique
1071 3233 1126 3287 ita-

113 3302 182 3356 liam
200 3302 291 3369 magis
364 3306 398 3355 26
418 3301 584 3370 oportunam
657 3301 717 3356 27·
709 3319 740 3355 in
758 3318 807 3356 om.

203 3485 262 3534 30.
282 3477 390 3548 agrium
409 3494 455 3532 mc
527 3477 597 3531 8de
616 3477 714 3532 delevit
731 3477 876 3534 Iucundos
956 3484 989 3532 19
1009 3495 1127 3546 ecquam

118 3549 257 3604 Victorias
311 3553 363 3602 '27
381 3548 412 3603 in
430 3565 535 3616 europa
553 3565 580 3601 m
