2430 3960
138 223 178 278 IV
533 224 738 280 PRAEFATIO

140 369 313 434 emendata
335 370 368 434 111
393 370 569 434 editionem
596 370 704 454 recepi
732 392 805 434 cum
831 371 1018 437 nominibus
1033 393 1157 446 eorum

140 457 258 541 quibus
282 459 467 523 emendatio
492 460 627 523 debetur
651 459 774 542 scripsi.
826 481 912 524 nunc
936 460 1030 524 etde
1054 461 1156 543 libris,

140 547 256 630 quibus
294 548 333 611 ad
368 549 562 632 scripturam
594 547 764 631 archetypi
791 549 1045 632 recuperandam
1077 572 1155 614 usus

140 659 227 717 sum,
261 640 294 700 et
322 636 360 700 de
389 637 668 701 emendationibus
699 658 780 720 quas
809 637 916 720 recepi
948 660 986 701 ea
1009 643 1092 722 qnae
1115 638 1155 702 ad

139 746 233 788 usum
253 725 431 810 legentium
452 748 531 809 opus
551 747 622 790 esse
641 726 712 789 risa
731 730 808 789 sunt
826 726 968 791 breviter
988 747 1155 809 exponam.

138 835 215 876 nam
244 814 282 877 de
311 814 472 898 plerisque
502 836 584 898 quae
612 814 675 878 huc
702 816 866 896 pertinent
897 816 930 878 in
954 815 1156 898 praefatione

138 901 257 985 prioris
282 904 433 967 editionis
458 903 638 968 accuratius
662 903 784 966 dictum
809 907 867 968 est.

228 992 407 1075 Archetypi
444 991 545 1076 igitur
580 992 740 1075 scriptura
773 993 893 1075 partim
926 1014 965 1056 ex
998 992 1038 1056 iis
1072 1014 1154 1076 quae

139 1079 322 1144 Politianus
358 1085 392 1145 et
418 1079 584 1145 Victorius
618 1103 656 1144 ex
691 1081 764 1163 ipso
799 1081 882 1145 libro
916 1081 1156 1145 adnotaverunt

138 1170 189 1232 vel
213 1173 413 1251 receperunt,
443 1169 563 1251 partim
588 1192 625 1233 ex
650 1170 849 1253 apographis
879 1191 962 1253 quae
990 1191 1075 1235 nnnc
1106 1192 1155 1234 su·

138 1262 275 1340 persunt
299 1258 438 1340 petenda
460 1258 531 1322 fuit.

227 1345 418 1410 Politiani
446 1349 631 1428 excerpta
659 1346 813 1431 leguntur
838 1348 872 1410 in
897 1347 1045 1429 exemplo
1068 1348 1155 1429 prin-

138 1435 218 1519 cipis
238 1435 389 1500 editionis
409 1436 605 1518 scriptorum
624 1435 671 1498 rei
689 1435 831 1499 rusticae
851 1457 879 1500 a.
901 1436 986 1499 1472
1006 1434 1154 1500 Venetiis

139 1523 223 1607 apud
256 1523 428 1588 Nicolaum
456 1523 632 1587 Iensonum
661 1523 853 1606 impressae,
886 1525 972 1608 quod
1004 1546 1091 1588 nunc
1121 1525 1156 1589 in

137 1613 268 1697 publica
305 1613 505 1677 bibliotheca
538 1612 687 1676 Parisina
720 1618 875 1677 servatur.
930 1615 964 1676 in
997 1635 1035 1677 eo
1069 1613 1154 1677 enim

137 1723 237 1765 manu
265 1701 422 1766 Politiani
450 1725 478 1767 a.
508 1702 593 1766 1482
623 1701 801 1784 scripturae
830 1702 963 1786 codicis,
992 1703 1047 1786 qui
1076 1706 1155 1766 tunc

139 1788 324 1854 Florentiae
348 1791 382 1854 in
405 1790 605 1854 bibliotheca
629 1788 659 1854 S.
680 1789 783 1854 Marci
807 1793 886 1871 erat,
910 1791 958 1854 ita
982 1790 1154 1855 adnotatae

139 1883 229 1963 sunt,
252 1883 302 1963 ut,
326 1879 481 1963 quidquid
505 1878 601 1943 aliter
624 1879 658 1942 in
681 1901 779 1941 manu
802 1880 924 1961 scripto
948 1880 1033 1943 libro
1057 1884 1154 1964 atque

137 1969 170 2031 in
209 1968 295 2033 edito
329 1968 476 2051 exemplo
510 1969 685 2052 legeretur,
720 1968 771 2031 vel
803 1968 837 2031 in
869 1969 1071 2053 marginibus
1105 1970 1155 2033 101

138 2055 223 2120 inter
246 2079 359 2121 versus
384 2057 535 2121 editionis
561 2055 805 2120 adscriberetur.

228 2145 444 2229 Victorius,
472 2145 527 2229 qui
555 2146 624 2227 ipse
653 2165 779 2228 quoque
809 2144 951 2209 codicem
976 2149 1055 2227 tum,
1080 2166 1154 2210 cum

138 2234 172 2297 in
202 2234 367 2299 Marciana
400 2234 599 2299 bibliotheca
634 2236 711 2313 erat,
744 2226 923 2318 usurpavit,
955 2233 1090 2300 Catonis
1121 2238 1154 2299 et

137 2321 297 2387 Varronis
322 2324 423 2389 libros
444 2322 482 2386 de
501 2344 535 2386 re
554 2321 676 2387 rustica
694 2336 852 2387 unacum
872 2322 1153 2406 ‘explicationibus

139 2434 269 2476 suarum
298 2413 331 2477 in
356 2411 528 2495 Catonem,
557 2411 751 2493 Varronem,
781 2410 990 2476 Columellam
1017 2413 1154 2495 castiga-

137 2501 276 2566 tionum'
296 2525 323 2568 a.
343 2502 428 2566 1541
449 2500 599 2585 Lugduni
618 2501 703 2584 apud
724 2499 951 2564 Sebastianum
971 2498 1153 2580 Gryphium

139 2590 247 2654 edidit.
276 2591 304 2653 is
324 2595 432 2653 autem
452 2611 516 2653 non
536 2590 642 2652 solum
662 2587 795 2651 Catonis
816 2590 848 2649 et
864 2585 1021 2648 Varronis
1041 2586 1154 2669 libros,

138 2678 194 2761 qui
221 2678 256 2740 in
285 2677 525 2760 antiquioribus
554 2676 749 2739 editionibus
778 2675 986 2738 vehementer
1009 2677 1155 2759 corrupti

138 2766 339 2848 ferebantur,
371 2766 495 2848 primus
525 2786 563 2827 ex
591 2767 699 2827 vetere
728 2762 835 2827 codice
864 2763 1065 2847 emendavit,
1098 2766 1153 2828 scd

139 2856 238 2919 etiam
266 2856 300 2918 in
329 2854 599 2936 explicationibus
628 2852 783 2916 lectiones
812 2875 910 2915 manu
941 2854 1054 2938 scripti
1078 2854 1154 2918 libri

139 2966 235 3026 saepe
263 2942 431 3023 indicavit,
467 2942 633 3006 nonnullis
666 2940 746 3005 locis
781 2941 877 3005 etiam
907 2946 1018 3007 notam
1047 2943 1153 3006 mendi

138 3032 173 3096 in
191 3035 298 3096 101010
318 3031 427 3095 codice
446 3030 630 3114 adpositam
650 3052 719 3094 esse
739 3030 916 3094 adnotavit.
947 3031 1002 3094 sed
1026 3035 1155 3114 praeter

139 3142 281 3205 eaquae
309 3120 342 3182 in
366 3119 630 3185 adnotationibus
650 3118 789 3182 Victorii
813 3142 830 3181 c
854 3120 961 3183 codice
991 3119 1154 3202 adscripta

139 3214 216 3273 sunt
248 3210 346 3273 etiam
380 3210 452 3293 ipsa
486 3208 583 3273 editio
617 3208 702 3272 haud
736 3209 1004 3272 contemnendum
1037 3209 1154 3274 veteris

140 3300 319 3382 scripturae
351 3298 577 3361 testimonium
605 3297 749 3381 praebet.
794 3318 870 3359 nam
898 3297 1091 3381 ubicumque
1121 3300 1155 3363 in

139 3410 212 3452 eam
244 3409 348 3453 110100
379 3387 535 3451 lectiones
563 3390 710 3470 receptae
743 3389 834 3464 sunt,
871 3407 953 3469 quae
984 3408 1088 3470 neque
1119 3388 1154 3452 in

140 3477 379 3562 exemplaribus
416 3482 513 3540 antea
543 3475 639 3540 editis
672 3475 833 3538 habentur
869 3497 973 3559 neque
1008 3497 1063 3538 eas
1096 3498 1154 3541 sua

140 3567 324 3630 coniectura
347 3567 497 3630 inventas
519 3585 589 3628 esse
608 3564 712 3628 editor
732 3563 910 3646 adnotavit,
932 3564 991 3628 has
1012 3585 1028 3626 e
1048 3565 1154 3629 codice
