2430 3952
289 208 421 265 RERVM
438 207 677 266 Rvsrlcnnvrr
696 211 765 267 LIB.
780 211 807 265 H
823 217 854 266 11
1018 212 1082 277 119

63 354 198 421 nomine
222 354 354 439 quidam
376 354 428 419 bis
452 358 563 420 secant
591 358 697 439 prata
744 356 966 440 diligentiores
994 359 1083 442 tege-

63 443 174 509 ticulis
193 443 348 508 subiectis
367 464 444 508 oves
462 443 597 509 tondere
617 445 732 529 solent,
754 445 852 530 nequi
872 445 964 509 flocci
983 444 1082 509 inter-

64 535 149 598 eant
202 532 270 597 dies
298 532 339 597 ad
367 552 440 595 eam
468 553 537 596 rem
565 536 737 597 sumuntur
766 534 884 616 sereni,
919 536 952 597 et
977 533 1018 597 iis
1048 533 1082 598 id
1115 542 1133 599 9

64 620 192 686 faciunt
213 620 281 685 fere
305 643 325 685 a
348 623 464 704 quarta
486 620 528 684 ad
550 621 720 685 decimam:
750 643 824 686 cum
843 621 912 686 sole
930 620 1082 686 calidiore

37 713 173 792 stonsa,
202 731 241 773 ex
273 710 388 773 sudore
412 709 480 773 eius
503 709 581 774 lana
602 710 642 773 fit
663 709 792 774 mollior
815 713 849 773 et
870 708 1082 793 ponderosior

65 801 99 862 et
132 798 240 862 colore
272 799 413 863 meliore.
459 819 556 881 quam
589 797 754 881 demptam
782 820 820 862 ac
850 799 1104 884 conglobatam

64 885 124 950 alii
146 886 276 970 uellera,
299 885 357 951 alii
380 887 540 950 velamina
564 886 742 970 appellant:
775 910 814 950 ex
835 908 898 972 quo
921 888 1096 952 vocabulo·

65 973 282 1039 animadverti
309 975 385 1038 licet
406 974 497 1059 prius
520 976 556 1039 iu
583 977 659 1039 lana
687 975 854 1040 vulsuram
884 997 981 1059 quam
1009 981 1082 1040 ton-

65 1083 176 1127 suram
199 1063 375 1127 inventam.
411 1064 466 1147 qui
485 1063 584 1127 etiam
607 1086 693 1128 nune
716 1065 851 1145 vellunt,
873 1067 950 1128 ante
973 1064 1081 1129 triduo

25 1170 51 1209 ro
64 1150 191 1215 habent
217 1151 354 1235 ieiunas,
383 1151 467 1235 quod
494 1151 667 1236 languidae
695 1154 802 1217 minus
831 1173 928 1238 aegre
957 1152 1081 1217 radices

65 1239 161 1304 lanae
184 1240 333 1305 retinent.
380 1239 521 1304 Omnino
549 1246 697 1305 tonsores
728 1242 762 1305 in
785 1241 915 1306 Italiam
939 1242 1080 1325 primum
1093 1249 1135 1307 10

64 1328 194 1393 venisse
226 1350 264 1392 ex
293 1327 404 1394 Sicilia
436 1329 588 1393 dicuntur
618 1351 650 1413 p.
678 1329 717 1394 R.
745 1352 771 1394 c.
795 1352 822 1395 a.
847 1346 1014 1414 coccum,
1045 1332 1084 1394 ut

64 1417 223 1501 scriptum
251 1417 285 1480 in
311 1416 442 1501 publico
466 1417 592 1481 Ardeae
620 1419 654 1480 in
681 1418 799 1482 litteris
830 1421 935 1503 extat,
964 1440 1082 1502 eosque

64 1504 238 1569 adduxisse
265 1504 416 1569 Publium
449 1506 606 1569 Titinium
636 1504 776 1570 Menam.
822 1506 900 1570 olim
932 1510 1082 1571 tonsores

25 1610 51 1652 rs
64 1614 133 1659 non
169 1592 271 1657 fuisse
310 1593 538 1677 adsignificant
574 1595 782 1677 antiquorum
815 1598 959 1678 statuae,
997 1594 1082 1677 quod

63 1683 237 1766 pleraeque
265 1681 388 1747 habent
411 1683 564 1765 capillum
592 1686 625 1746 et
652 1683 790 1746 barbam
813 1703 976 1766 magnam.
1022 1679 1080 1746 Su·
1093 1691 1133 1749 11

64 1770 164 1853 soipit
191 1767 373 1851 Cossinius,
411 1769 565 1835 Fructum
593 1775 631 1834 ut
659 1771 728 1836 ovis
757 1792 775 1835 e
807 1770 884 1834 lana
913 1770 954 1834 ad
982 1772 1081 1835 vesti-

63 1862 221 1942 mentum,
244 1858 290 1922 sic
310 1879 407 1941 capra
426 1881 442 1921 e
460 1859 537 1941 pilis
557 1860 725 1924 ministrat
744 1859 784 1924 ad
803 1881 903 1953 usumx
915 1859 1083 1924 nauticum

64 1950 98 2010 et
126 1946 167 2011 ad
195 1947 311 2011 bellica
337 1951 501 2011 tormenta
529 1952 562 2011 et
588 1948 720 2012 fabrilia
749 1970 837 2013 vasa.
882 1969 986 2032 neque
1016 1968 1082 2011 non

23 2053 50 2094 ao
64 2035 226 2120 quaedam
249 2035 398 2101 nationes
421 2036 538 2100 harum
562 2038 702 2119 pellibus
727 2040 803 2101 sunt
823 2037 970 2115 vestitae,
992 2036 1083 2100 utin

63 2122 218 2188 Gaetulia
256 2128 289 2188 et
321 2125 355 2187 in
389 2123 546 2189 Sardinia.
592 2127 681 2190 cuius
715 2148 810 2190 usum
843 2130 922 2209 aput
955 2126 1082 2189 anticos

63 2232 194 2296 quoque
227 2210 368 2277 Graecos
399 2211 500 2276 fuisse
534 2216 687 2296 apparet,
720 2213 806 2296 quod
838 2214 872 2277 in
904 2212 1081 2296 tragoediis

63 2320 160 2364 senes
184 2300 225 2364 ab
249 2299 311 2365 hae
333 2301 417 2384 pelle
440 2305 597 2366 vocantur
616 2300 820 2384 diphtheriae
844 2302 933 2365 etin
956 2323 1081 2366 comoe-

63 2388 128 2452 diis
153 2388 208 2472 qui
230 2387 265 2451 in
288 2389 410 2453 rustico
434 2410 530 2473 opere
553 2392 730 2472 morantur,
752 2393 788 2453 ut
807 2392 888 2472 aput
906 2387 1082 2473 Caecilium

22 2495 49 2536 aa
62 2477 100 2541 in
126 2475 388 2560 Hypobolimaeo
417 2478 517 2542 habet
549 2477 753 2561 adulescenS,
786 2481 866 2561 aput
894 2476 1081 2541 Terentium

62 2567 100 2630 in
118 2563 486 2631 Heautontimorumeno
507 2587 611 2630 senex.
643 2566 827 2648 tondentur,
846 2564 931 2649 quod
951 2565 1081 2649 magnis
1094 2573 1134 2630 12

63 2653 152 2718 villis
177 2656 263 2736 sunt,
286 2654 320 2717 in
343 2648 463 2739 magba
485 2658 577 2738 parte
599 2653 776 2738 Phrygiae3
812 2653 897 2718 unde
920 2652 1026 2717 cilicia
1048 2656 1083 2716 et

62 2744 174 2806 cetera
196 2742 265 2806 eius
289 2743 417 2828 generis
441 2744 547 2808 solent
570 2743 647 2807 fieri.
693 2742 748 2806 scd
769 2741 854 2826 quod
877 2742 1017 2824 primum
1045 2763 1082 2806 ea

62 2834 201 2894 tonsura
224 2831 258 2893 in
277 2828 391 2896 Cilicia
414 2832 457 2896 sit
479 2831 642 2914 instituta,
665 2852 784 2896 nomen
807 2831 840 2894 id
859 2828 977 2895 Cilicas
997 2830 1082 2895 adie-

22 2918 150 2983 accisae
174 2917 292 2983 dicunt.

157 3110 343 3182 lvelamina]
363 3110 499 3165 uellimna
570 3110 639 3180 quo]
659 3126 778 3178 quorum
838 3110 868 3163 in
886 3126 936 3165 om.
1000 3115 1031 3163 11
1052 3108 1082 3162 in

63 3180 149 3236 italia
222 3188 254 3236 12
274 3197 308 3236 ex
327 3180 421 3236 cilicia
500 3186 533 3234 14
551 3181 679 3235 ticinium
699 3196 829 3235 maenam
908 3186 940 3234 11
960 3179 1082 3234 cosinius

63 3257 99 3377 ἐξ
120 3253 313 3378 ῗὲξὲἰξηξῦηε
372 3258 407 3307 20
426 3253 525 3307 horum
580 3258 612 3306 21
633 3251 764 3320 antiquos
784 3252 904 3321 (anticos
923 3252 980 3306 cod.
1002 3251 1083 3322 Par.)

157 3485 172 3535 'l
195 3481 338 3536 uelamina
361 3499 388 3536 m
411 3487 435 3536 et
458 3482 582 3553 Scaliger
604 3483 675 3537 coni.
699 3483 731 3536 iu
758 3482 838 3535 Vorr.
862 3481 894 3534 de
916 3479 933 3533 l.
954 3479 971 3533 l.
1000 3479 1027 3532 V
1046 3483 1083 3533 84

59 3569 91 3623 p.
107 3555 162 3637 37Ι
218 3557 250 3607 12
270 3570 304 3607 ex
323 3552 453 3608 Siciliae
526 3559 561 3608 20
580 3553 713 3608 harumo
786 3556 819 3605 26
837 3549 1024 3606 tondenturo
1101 3605 1102 3608 ,
