2430 3952
152 216 196 282 50
571 213 756 270 VARRONIS
796 224 799 228 ’

154 361 328 426 seminario
353 359 531 445 transferri,
554 359 640 445 quod
664 359 785 444 dictum
810 361 851 424 ab
876 381 923 444 ec,
947 358 1031 443 quod
1055 361 1169 444 serpit.

153 456 257 515 fossas
272 472 374 515 nouas
388 449 507 529 fodere,
521 452 644 513 veteres
659 452 794 532 tergere,
808 449 920 513 vineas
931 450 1169 533 arbustumque

153 543 282 622 putare,
311 539 387 602 dum
414 539 447 602 in
470 556 518 602 xv
547 537 658 602 diebus
687 540 764 601 ante
788 542 820 601 et
843 542 919 621 post
941 539 1099 621 brumam,
1132 543 1170 602 ut

152 628 314 712 pleraque,
337 649 378 692 ne
397 627 506 691 facias.
536 649 596 691 nee
615 649 681 691 non
700 630 770 690 tum
790 626 911 709 aliquid
931 630 1018 691 recte
1038 627 1168 710 seritur,

153 721 190 779 ut
212 717 302 781 ulmi.
1193 737 1205 779 5

79 819 195 874 XXXVI
242 804 365 869 Octavo
384 804 555 868 intervallo
574 805 661 866 inter
679 803 829 868 brumam
848 807 880 866 et
898 804 1066 868 favonium
1083 804 1168 869 haec

151 893 221 957 fieri
249 884 388 977 oportet.
434 891 472 955 de
500 892 678 975 segetibus,
709 891 802 975 siqua
831 895 880 956 est
908 915 1005 976 aqua,
1038 892 1168 977 deduci,

152 983 203 1046 sin
223 983 383 1046 siccitates
404 985 479 1045 sunt
499 985 531 1044 et
549 984 635 1043 terra
653 981 901 1045 teneritudinem
926 981 1034 1056 habet,
1054 981 1166 1046 sarire.

151 1072 261 1135 vineas
290 1071 488 1152 arbustaque
516 1073 638 1152 putare.
689 1091 760 1134 cum
793 1069 826 1133 in
862 1071 950 1154 agris
978 1091 1065 1153 opus
1093 1070 1168 1133 fieri

150 1182 217 1224 non
241 1162 362 1242 potest,
394 1179 475 1241 quae
505 1157 563 1222 sub
595 1161 679 1222 teoto
703 1161 841 1240 possunt
863 1163 942 1223 tune
965 1159 1168 1223 conficienda
1181 1181 1203 1221 n

153 1248 345 1311 antelucano
364 1250 510 1329 tempore
529 1246 675 1310 hiberae.
712 1269 794 1330 quae
814 1247 880 1310 dixi
900 1248 1019 1330 scripta
1039 1252 1071 1310 et
1092 1270 1167 1331 pro·

152 1338 261 1419 posita
275 1337 394 1399 habere
414 1336 448 1398 in
469 1336 547 1400 villa
568 1339 707 1418 oportet,
726 1336 866 1399 maxime
884 1342 921 1401 ut
942 1337 1053 1400 vilicus
1068 1338 1167 1403 norit.

63 1439 195 1494 XXXVII
240 1423 317 1488 Dies
355 1425 486 1488 lunares
525 1446 653 1508 quoque
691 1424 899 1506 observandi,
937 1425 992 1508 qui
1024 1425 1167 1508 quodam

151 1518 245 1578 modo
270 1513 431 1597 bipertiti,
460 1514 545 1596 quod
574 1535 593 1576 a
622 1535 707 1577 nova
730 1514 808 1576 luna
830 1515 946 1578 crescit
969 1514 1008 1577 ad
1033 1514 1167 1596 plenam

151 1606 183 1667 et
201 1603 275 1666 inde
294 1624 405 1666 rursus
429 1602 468 1665 ad
483 1623 600 1666 novam
614 1603 726 1665 lunam
745 1602 910 1685 decrescit,
930 1602 1035 1685 quaad
1055 1603 1203 1668 veniatis

152 1692 191 1755 ad
215 1692 515 1773 intermenstrnum,
547 1692 592 1770 [e]
618 1712 681 1773 quo
707 1689 756 1753 die
780 1690 897 1756 dicitnr
919 1692 997 1754 luna
1019 1712 1090 1754 esse
1116 1715 1167 1756 ex-

151 1785 256 1844 trema
280 1784 312 1843 et
335 1780 455 1861 prima:
494 1802 513 1843 a
537 1800 599 1862 quo
625 1801 696 1842 eum
722 1778 806 1842 diem
830 1778 970 1843 Athenis
996 1781 1166 1863 appellant

152 1868 232 1950 ἕνην
260 1865 315 1931 καὶ
344 1864 442 1950 νέαν,
471 1865 634 1951 τριακάδα
663 1866 727 1930 alii.
773 1869 930 1951 quaedam
958 1868 1108 1934 facienda
1131 1871 1166 1934 in

152 1958 240 2041 agris
263 1955 372 2041 potius
393 1960 555 2020 crescente
574 1956 652 2020 luna
671 1978 768 2039 quam
788 1961 981 2041 senescente,
1004 1958 1164 2040 quaedam

152 2050 264 2110 contra
297 2065 379 2128 quae
410 2047 524 2126 metaS,
557 2048 594 2108 ut
626 2045 788 2109 frumenta
820 2051 852 2110 et
884 2047 1021 2110 caeduae
1055 2047 1201 2112 silvosa

122 2133 224 2217 2Ego
257 2134 372 2215 istaec,
404 2133 509 2216 inquit
540 2133 713 2218 Agrasius,
744 2156 811 2198 non
844 2136 949 2199 solum
981 2136 1015 2199 in
1048 2135 1165 2201 ovibus

151 2222 331 2304 tondendis,
355 2222 410 2286 sed
434 2222 467 2285 in
486 2243 559 2285 meo
579 2222 696 2304 capillo
717 2245 736 2285 a
754 2226 847 2305 patre
867 2228 1034 2307 acceptum
1060 2245 1166 2306 serm,

150 2333 190 2374 ne
226 2310 458 2391 [deloresoente
492 2311 572 2374 luna
600 2311 738 2375 tondens
771 2313 878 2376 calvos
901 2313 987 2376 fiam.
1033 2313 1165 2397 Agrius,

151 2399 252 2475 Quem
277 2400 317 2463 ad
341 2401 481 2482 modum,
504 2400 617 2484 inquit,
640 2401 717 2464 luna
741 2400 998 2485 quadripertita?
1029 2404 1062 2465 et
1086 2403 1164 2485 quid

120 2499 188 2555 3ea
222 2489 336 2552 divisio
372 2489 412 2552 ad
446 2510 541 2572 agros
574 2488 697 2572 pollet?
752 2489 945 2570 Tremelius,
976 2489 1201 2575 Numquamu

149 2599 223 2641 rure
243 2578 371 2661 audisti,
390 2577 505 2660 inquit,
524 2580 639 2642 octavo
658 2576 771 2640 Ianam
794 2578 904 2642 lunam
920 2583 952 2642 et
966 2583 1165 2644 crescentem

149 2670 182 2730 et
215 2671 327 2730 contra
361 2669 594 2744 senescentem,
627 2669 660 2728 et
687 2687 769 2748 quae
798 2670 960 2731 crescente
987 2668 1065 2730 luna
1091 2669 1165 2732 fieri

149 2757 322 2838 oporteret,
339 2757 397 2835 [et]
414 2759 525 2818 tamen
539 2754 696 2837 quaedam
711 2755 827 2819 melius
843 2756 912 2819 lieri
925 2759 1000 2838 post
1010 2760 1164 2822 octavum

147 2841 261 2907 lanam
291 2844 403 2906 lunam
432 2865 529 2926 quam
556 2843 655 2906 ante?
693 2847 726 2906 et
748 2842 858 2928 siquae
883 2849 1069 2911 senescente
1092 2847 1163 2910 fieri

1176 2955 1201 2997 n

238 3077 270 3125 15
290 3072 366 3139 quod
385 3072 518 3126 adueniat
534 3070 637 3140 (quoad
656 3071 754 3124 ueniat
777 3071 816 3140 V)
855 3077 887 3125 1⁷
908 3071 1054 3140 appellant
1073 3083 1161 3128 conen

148 3159 272 3197 caenean
291 3144 420 3196 triacada
528 3149 561 3196 23
585 3140 615 3195 ni
642 3141 813 3196 decrescenti
832 3143 871 3210 (ni
890 3143 1068 3197 decrescente
1088 3144 1162 3213 Pol.)

146 3213 245 3340 ἓξὲξ
259 3220 365 3339 luna?
383 3213 482 3283 inquid
562 3214 725 3284 aulanam]
745 3214 839 3268 lanam
921 3220 955 3269 28
975 3215 1039 3284 post
1057 3217 1161 3270 octauo

238 3504 269 3550 16
290 3515 304 3550 e
324 3499 420 3554 deleuit
443 3496 559 3551 Ursinus
623 3502 655 3551 17
676 3497 822 3566 appellant
838 3493 906 3566 ἕνην
925 3496 973 3551 καὶ
993 3494 1063 3552 νέαν
1084 3519 1160 3568 τρια·

146 3564 234 3629 κάδος
253 3568 302 3622 alii
321 3586 336 3623 a
409 3574 443 3623 26
462 3567 558 3623 Ianam
577 3569 681 3622 lunam,
693 3575 806 3638 utroque
825 3569 915 3624 locon
