2430 3952
110 216 154 278 42
518 212 706 267 renueris

81 369 214 442 2neque
237 359 272 423 in
300 358 414 443 pingui
437 362 525 422 terra
548 358 657 422 omnia
677 361 828 421 seruntur
851 360 938 421 recte
961 378 1067 440 neque
1093 358 1130 422 in

110 469 219 512 macra
245 448 339 511 nihil
386 447 505 511 rectius
529 447 614 510 enim
642 446 675 510 in
698 446 844 510 tenuiore
868 450 956 510 terra
979 467 1018 509 ea
1042 468 1129 530 quae

109 558 175 600 non
195 537 297 600 multo
316 535 464 620 indigent
482 557 567 619 suco,
587 538 624 598 ut
638 535 779 617 cytisum
798 540 831 598 et
848 534 1016 619 legumina
1034 556 1130 618 prae·

110 634 161 688 ter
184 625 281 689 cicer:
309 625 371 688 hoc
394 625 479 687 enim
503 645 630 708 quoque
659 625 822 707 legumen,
850 627 888 687 ut
910 626 1019 687 cetera
1042 645 1129 707 quae

110 712 274 777 velluntur
299 717 440 795 eterra,
473 735 539 777 non
572 713 797 795 subsecantur,
829 733 928 795 quae,
961 711 1047 795 quod
1080 713 1129 776 ita
1154 738 1166 778 1

109 802 272 886 leguntur,
294 801 459 886 legumina
483 800 579 864 dicta.
619 800 653 864 in
677 801 791 884 pingui
814 800 932 864 rectius
956 819 1039 883 quae
1061 800 1129 864 cibi

80 894 188 956 3sunt
210 890 352 973 maioris,
377 893 414 953 ut
435 890 540 972 holus,
563 888 718 970 triticum,
743 889 849 974 siligo,
872 889 983 952 linum.
1030 910 1128 971 quae-

113 979 187 1042 dam
211 979 309 1041 etiam
334 977 468 1042 serenda
490 999 556 1042 non
579 982 647 1040 tam
665 981 799 1060 propter
821 980 1025 1060 praesentem
1043 977 1128 1041 fruc·

110 1070 180 1130 tum
204 1089 301 1150 quam
324 1067 358 1131 in
378 1086 497 1130 annum
520 1067 781 1149 prospicientem,
805 1066 888 1149 quod
908 1065 955 1128 ibi
974 1065 1128 1147 subsecta

111 1161 207 1238 atque
235 1157 350 1219 relicta
381 1157 513 1218 terram*
528 1153 665 1217 faciunt
680 1155 857 1219 meliorem.
907 1154 1016 1236 itaque
1043 1154 1127 1237 lupi·
1141 1182 1165 1221 ro

110 1265 203 1325 num,
235 1265 307 1307 cum
340 1243 447 1306 minus
478 1242 639 1305 siliculum
667 1244 765 1325 cepit,
798 1246 831 1306 et
858 1264 924 1306 non
947 1255 1142 1326 numquam·

110 1331 241 1414 fabalia,
261 1333 289 1395 si
308 1331 347 1394 ad
363 1331 497 1414 siliquas
512 1352 580 1395 non
598 1332 646 1395 ita
659 1331 815 1416 pervenit,
833 1336 870 1394 ut
888 1330 998 1394 fabam
1017 1332 1128 1415 legere

111 1419 272 1503 expediat,
306 1421 334 1484 si
366 1440 444 1504 ager
476 1420 616 1484 macrior
644 1423 709 1501 est,
739 1441 798 1503 pro
827 1423 967 1483 stercore
997 1419 1127 1484 inarare

80 1510 227 1594 4solent.
272 1530 332 1573 nec
364 1510 471 1572 minus
504 1530 541 1572 ea
573 1508 826 1572 discriminanda
858 1508 892 1571 in
925 1509 1127 1573 conserendo

111 1620 192 1681 quae
216 1601 293 1660 sunt
315 1596 491 1679 fructuosa,
513 1601 647 1682 propter
670 1597 883 1679 voluptatem,
906 1599 943 1659 ut
965 1617 1048 1680 quae
1067 1619 1127 1679 po-
1141 1623 1165 1664 11

112 1687 213 1749 maria
242 1708 278 1749 ac
306 1686 433 1749 floralia
460 1686 679 1769 appellantur,
706 1686 785 1748 item
812 1685 870 1749 illa
898 1706 981 1770 quae
1004 1684 1044 1748 ad
1067 1677 1127 1750 h‘o-

111 1776 235 1838 minum
258 1775 381 1838 victum
400 1796 444 1838 ac
457 1796 586 1837 sensum
605 1774 915 1856 delectationemque
938 1794 1005 1837 non
1024 1774 1127 1856 perti-

110 1867 188 1926 nent
214 1884 317 1945 neque
345 1863 386 1925 ab
415 1863 486 1946 agri
514 1862 659 1925 utilitate
687 1867 764 1926 suut
791 1862 943 1925 diiuncta.
988 1861 1126 1926 idoneus

110 1951 201 2015 locus
225 1950 406 2034 eligendus,
431 1951 488 2013 ubi
510 1951 612 2013 facias
637 1951 786 2015 salictum
810 1955 843 2013 et
864 1949 1128 2032 harundinetum,

80 2040 158 2126 5sic
191 2038 256 2102 alia
289 2060 370 2123 quae
402 2038 547 2101 umidum
578 2038 685 2102 locum
719 2043 891 2122 quaerunt,
924 2041 1038 2102 contra
1067 2039 1165 2106 ubiao

112 2131 237 2210 segetes
270 2126 513 2211 frumentarias,
550 2127 607 2190 ubi
638 2127 749 2191 fabam
786 2127 994 2210 potissimum
1026 2148 1128 2208 seraa,

110 2217 190 2279 item
219 2216 283 2278 alia
311 2236 393 2299 quae
421 2214 512 2278 arida
539 2215 612 2279 loca
636 2218 801 2280 secuntur:
832 2215 879 2279 sic
902 2219 939 2279 ut
961 2215 1127 2280 umbrosis

110 2304 190 2368 locis
220 2305 284 2367 alia
312 2325 415 2386 seras,
447 2309 484 2367 ut
512 2305 696 2381 corrudam,
730 2303 815 2387 quod
843 2305 890 2367 ita
918 2303 1003 2386 petit
1030 2326 1127 2386 aspa·

5 2400 7 2406 “
110 2413 222 2476 ragus3
251 2393 374 2475 aprica,
401 2396 438 2455 ut
464 2393 511 2455 ibi
540 2414 627 2457 seras
655 2393 777 2457 violam
805 2394 838 2456 et
870 2392 984 2456 hortos
1014 2393 1127 2474 facias,

111 2481 196 2564 quod
227 2503 266 2545 ea
294 2482 362 2546 sole
385 2483 604 2562 nutricantur,
632 2483 678 2546 sic
702 2482 774 2544 alia.
821 2482 940 2544 etalio
970 2481 1042 2545 loco
1064 2483 1126 2546 oir-
1141 2505 1164 2545 11

107 2571 196 2651 pulta
229 2570 377 2653 serenda,
409 2573 447 2634 ut
477 2570 599 2633 habeas
631 2570 767 2650 vimina,
805 2569 887 2632 unde
919 2569 1036 2633 viendo
1063 2567 1124 2656 [L]

111 2658 187 2740 quid
217 2657 332 2741 facias,
362 2662 399 2722 ut
429 2658 566 2743 sirpeas,
596 2659 716 2739 vallus,
747 2661 864 2722 crates:
895 2658 959 2722 alio
990 2659 1062 2723 loco
1087 2665 1127 2722 ut

199 2865 342 2934 3cytison
365 2865 496 2935 (cytisum
520 2865 559 2934 V)
668 2865 771 2938 coibi]
791 2865 832 2920 ibi
940 2867 1048 2938 8tam]
1066 2866 1125 2922 iam

110 2936 303 2990 9subsectam
323 2940 407 3005 atque
426 2936 555 2991 relictam
646 2943 762 2991 rreum
781 2936 884 3009 minus]
911 2953 975 2991 cum
993 2937 1125 2992 dominus

111 3012 143 3059 12
162 3006 271 3061 fabulia
379 3014 413 3061 23
433 3008 493 3061 alta
511 3024 587 3062 seras
605 3011 638 3063 ut
656 3008 775 3062 corruda
873 3013 907 3063 25
926 3007 1054 3077 virgulta
1072 3025 1124 3065 om.

110 3083 144 3131 26
163 3078 277 3148 viendo]
297 3080 401 3134 utendo

199 3277 305 3340 ssquae
329 3271 385 3328 cibi
408 3271 523 3327 maioris
547 3275 612 3326 sunt
632 3274 745 3327 Plinius
767 3279 824 3328 nat.
844 3274 905 3328 hut.
926 3272 1050 3342 XVIII,
1068 3279 1125 3330 165

109 3347 125 3396 8
144 3359 201 3397 non
224 3347 283 3396 tam
306 3346 363 3399 cod.
389 3345 457 3398 Por.
548 3351 564 3397 9
584 3343 714 3398 subsecta
737 3345 823 3412 atque
845 3343 946 3398 relicta
967 3362 1015 3398 mo
1090 3353 1123 3400 11

110 3414 221 3480 quando
240 3415 331 3468 minus
351 3414 503 3470 Salmasius
521 3415 597 3470 Plio.
617 3432 701 3469 exerc.
718 3432 747 3483 p.
767 3419 823 3470 172
898 3421 929 3468 12
948 3414 1057 3470 fabalia
1075 3434 1124 3472 mo

109 3489 143 3536 23
163 3484 221 3538 alia
240 3502 314 3538 seras
334 3486 477 3540 Iucundos
548 3489 581 3539 ut
599 3485 746 3540 corrudam
770 3485 887 3540 Ursinus
969 3487 1124 3543 sariendo

115 3555 253 3610 Victorius
271 3573 304 3610 ea
321 3557 415 3612 Nouio
432 3575 460 3626 p.
480 3561 535 3611 189
