2430 3952
291 223 423 277 RERVM
440 221 678 278 RVSTICARVM
695 223 765 277 LIB.
785 223 810 277 ΙΙ
829 230 846 278 4
1032 225 1076 289 95

61 366 214 435 sacresf'.
261 367 289 433 si
312 367 430 433 fundus
454 369 632 451 ministrat,
660 369 730 434 dari
754 370 860 433 solent
883 369 1015 433 vinacea
1039 392 1076 434 ac

60 458 155 542 scopi
179 479 218 522 ex
240 458 323 522 uvis.
364 457 484 522 amisso
512 458 645 521 nomine
666 457 825 522 lactantes
848 457 1000 522 dicuntur
1023 466 1128 521 ne-17

60 546 191 611 frendes
215 546 257 610 ab
280 567 328 629 eo,
352 546 438 630 quod
461 547 605 610 nondum
628 545 739 610 fabam
762 545 907 610 frendere
930 549 1077 631 possunt,

59 635 93 700 id
117 637 169 700 est
190 633 350 719 frangere.
386 656 503 719 porcus
523 655 675 718 graecum
694 639 744 699 est
761 656 880 699 nomen
898 635 1077 720 antiquum,

34 724 117 789 used
142 725 366 804 obscuratum,
397 725 482 806 quod
505 745 590 787 nunc
612 745 686 787 eum
709 727 827 788 vocant
849 723 998 789 choeron.
1044 725 1077 788 in

60 834 173 878 eorum
196 815 294 896 partu
325 813 450 876 scrofae
478 811 529 875 bis
558 813 609 875 die
637 816 673 876 ut
700 812 816 876 bibant
846 815 959 877 curant
982 813 1076 877 laetis

60 923 168 966 causa.
213 921 328 985 parere
350 901 463 965 dicunt
486 904 635 985 oportere
659 921 784 985 porcos,
813 905 894 984 quot
917 923 1075 965 mammas

59 990 199 1072 habeat3
235 988 265 1053 si
296 989 404 1053 minus
436 989 552 1073 pariat,
584 989 794 1053 fructuariam
826 988 975 1054 idoneam
1010 1010 1076 1053 non

60 1099 145 1163 esse;
183 1077 211 1142 si
238 1078 348 1161 plures
371 1079 493 1160 pariat,
517 1100 587 1142 esse
610 1081 808 1162 portentum.
852 1079 886 1141 in
909 1099 972 1161 quo
995 1077 1129 1142 illudrs

26 1188 49 1229 rc
60 1165 323 1252 antiquissimum
343 1166 444 1230 fuisse
464 1166 626 1249 scribitur,
644 1167 729 1250 quod
748 1189 802 1230 sus
818 1165 946 1231 Aeneae
960 1165 1076 1231 Lavini

59 1255 201 1341 triginta
223 1276 339 1340 porcos
363 1259 489 1338 peperit
512 1255 615 1319 albos.
642 1256 751 1340 itaque
771 1255 855 1340 quod
875 1255 1078 1339 portenderit

59 1345 199 1428 factum,
228 1348 301 1426 post
327 1343 526 1408 tricesimum
554 1365 673 1408 annum
702 1348 739 1408 ut
766 1343 974 1408 Lauinienses
1002 1366 1075 1409 oon·

59 1433 203 1498 diderint
236 1431 390 1515 oppidum
424 1430 553 1496 Albam.
607 1431 702 1496 huius
736 1433 802 1496 suis
835 1455 871 1496 ac
904 1454 1075 1516 porcorum

59 1521 160 1587 etiam
183 1541 269 1584 nunc
291 1521 433 1606 vestigia
456 1521 613 1604 adparent
637 1522 788 1602 [iamne],
816 1521 901 1603 quod
925 1527 958 1584 et
979 1521 1076 1585 simu·

26 1612 147 1675 ulaera
169 1630 282 1673 eorum
306 1610 430 1673 ahenea
453 1610 551 1673 etiarn
574 1610 716 1673 nuncin
740 1608 868 1693 publico
893 1610 1014 1692 posita,
1044 1612 1077 1672 et

59 1719 178 1783 corpus
201 1698 314 1762 matris
340 1698 381 1763 ab
405 1697 635 1781 sacerdotibus,
659 1698 745 1782 quod
767 1698 802 1761 in
825 1698 951 1761 salsura
968 1696 1075 1782 fuerit,

59 1787 309 1853 demonstratur.
335 1787 498 1851 nutricare
517 1790 651 1850 octonos
669 1808 785 1870 porcos
800 1787 953 1870 parvulos
968 1786 1073 1870 primo
1088 1791 1128 1848 19

59 1878 211 1960 possunt:
248 1874 449 1940 incremento
476 1875 565 1939 facto
595 1874 750 1958 aperitis
774 1875 907 1939 dimidia
929 1896 1005 1958 pars
1029 1896 1075 1938 re·

60 1965 185 2030 moveri
209 1964 306 2045 solet,
337 1963 422 2048 quod
448 1986 552 2048 neque
580 1969 685 2028 mater
711 1967 821 2047 potest
850 1964 994 2028 subferre
1017 1965 1077 2047 lac,

27 2071 164 2138 cneque
188 2053 397 2137 congenerati
421 2052 590 2117 alescendo
614 2052 772 2118 roborari.
809 2075 829 2117 a
851 2056 948 2136 partu
968 2052 1075 2117 decem

59 2142 174 2207 diebus
192 2140 350 2224 proximis
368 2162 435 2205 non
453 2142 636 2224 producunt
654 2163 693 2204 ex
711 2141 800 2206 haris
820 2145 967 2225 matrem,
986 2162 1075 2225 prae-

58 2235 210 2316 terquam
228 2232 349 2312 potum.
387 2230 572 2313 praeteritis
592 2230 702 2294 decem
722 2229 833 2294 diebus
853 2231 965 2294 sinunt
988 2231 1075 2293 exire

58 2323 191 2404 pastum
219 2319 254 2382 in
283 2318 477 2401 propincum
504 2319 609 2383 locum
638 2318 750 2401 villae,
773 2323 810 2382 ut
833 2319 945 2382 erebro
968 2318 1074 2381 reditu

58 2407 143 2472 lacte
162 2407 249 2471 alere
271 2407 400 2490 possint
423 2428 549 2490 porcos.
599 2428 672 2470 cum
696 2410 881 2488 creverunt,
907 2405 1128 2489 patiuntur20

28 2495 151 2581 sesequi
174 2498 313 2559 matrem
336 2499 467 2579 pastum
490 2495 641 2578 domique
665 2499 838 2560 secernunt
868 2517 887 2559 a
915 2492 1074 2557 matribus

59 2606 95 2649 ac
118 2604 268 2649 seorsum
295 2587 447 2668 pascunt,
475 2588 512 2647 ut
535 2583 728 2647 desiderium
756 2584 840 2649 ferre
870 2584 996 2667 possint
1019 2604 1074 2665 pa-

57 2671 160 2738 rentis
183 2672 327 2756 nutricis,
350 2673 435 2756 quod
459 2672 568 2737 decern
593 2672 705 2736 diebus
725 2672 927 2737 adsecuntur.
965 2671 1075 2735 subul-

58 2784 114 2827 cus
139 2760 237 2826 debet
259 2761 493 2843 consuefacere,
516 2762 627 2825 omnia
650 2766 686 2824 ut
709 2760 831 2826 faciant
855 2761 894 2825 ad
915 2761 1077 2825 bucinam.

56 2851 166 2935 primo
191 2871 264 2914 cum
286 2849 504 2931 incluserunt,
528 2872 599 2913 eum
622 2849 810 2914 bucinatum
834 2854 893 2932 est,
916 2850 1076 2934 aperiunt,

21 2941 95 3004 scut
123 2938 211 3002 exire
239 2939 367 3022 possint
394 2939 428 3002 in
456 2960 531 3003 eum
559 2939 679 3020 locum,
710 2939 767 3003 ubi
790 2939 945 3003 hordeum
969 2938 1075 3002 fusum

56 3027 93 3092 in
120 3026 334 3111 longitudine.
381 3028 427 3092 sio
456 3027 544 3092 enim
572 3027 678 3090 minus
703 3028 846 3111 disperit,
872 3047 968 3109 quarn
993 3027 1077 3090 siin

148 3200 281 3270 tscopei
366 3202 497 3272 sparta]
518 3202 586 3270 petu
675 3201 818 3272 ddicuut]
838 3217 911 3254 nunc
1001 3199 1077 3268 quod

55 3279 91 3328 12
116 3273 185 3343 poet
206 3289 257 3327 orn
317 3269 488 3326 labinienses
544 3278 576 3326 13
603 3272 669 3326 alba
725 3278 757 3327 17
786 3272 921 3327 nutricari
974 3275 1009 3325 24
1027 3286 1076 3338 pa

54 3343 182 3416 tiuntur]
206 3341 357 3412 capiuntur
435 3348 469 3396 27
493 3343 616 3398 nutrices
700 3350 732 3397 31
758 3343 885 3412 quamuis
908 3343 938 3396 in
961 3357 1076 3396 aceruos

153 3509 170 3556 2
189 3503 268 3572 scopi
290 3501 429 3558 Victorius
538 3508 570 3557 13
589 3502 683 3558 albam
708 3521 734 3556 m
843 3507 876 3556 17
901 3499 1075 3555 nutricaret)

50 3580 91 3632 2⁷
114 3571 281 3629 nutriciam
352 3579 385 3628 31
406 3574 531 3642 quamsi
550 3574 709 3630 Politicnus
