2430 3952
315 791 361 866 Μ.
390 789 606 863 TERENTI
633 788 875 862 VARRONIS

181 926 341 994 RERVM
363 925 653 993 RVSTIOARVM
676 927 736 993 DE
760 926 1008 994 VILLATIOIS

452 1031 742 1099 PASTIONIBVS

423 1156 558 1221 LIBER
582 1156 769 1222 TERTIVS

51 1354 65 1395 ὅ
172 1313 255 1381 Oum
281 1317 362 1381 duae
390 1317 477 1382 vitae
504 1315 643 1380 traditae
672 1317 738 1379 sint
760 1316 945 1401 hominum,
976 1320 1123 1387 rusticaI

79 1410 114 1471 et
142 1405 279 1489 urbana,
308 1405 432 1490 quidni,
459 1405 568 1487 Pinni,
596 1403 729 1468 dubium
756 1426 824 1468 non
854 1409 905 1469 est
935 1407 1014 1489 quin
1036 1408 1098 1472 hae

79 1516 150 1560 non
173 1495 278 1558 solum
301 1494 374 1558 loco
398 1494 556 1558 discretae
580 1493 656 1576 sint,
680 1493 857 1557 sedetiam
881 1497 1026 1576 tempore
1051 1495 1099 1558 di·

79 1604 209 1648 versam
233 1583 392 1668 originem
416 1581 569 1646 habeant.
616 1581 781 1664 antiquior
804 1582 890 1645 enim
919 1583 1022 1646 multo
1046 1605 1098 1646 ru-

79 1672 178 1755 stica,
205 1672 291 1754 quod
317 1671 379 1734 fuit
406 1673 547 1754 tempus,
575 1691 649 1733 cum
676 1692 754 1733 rura
781 1671 925 1735 colerent
949 1671 1098 1736 homines

37 1797 65 1837 10
79 1781 185 1843 neque
211 1761 325 1824 urbem
352 1758 520 1823 haberent.
573 1759 693 1822 etenim
721 1759 979 1823 vetustissimum
1009 1760 1131 1843 Oppi-2

79 1847 158 1912 dum
177 1868 250 1912 cum
270 1849 314 1912 sit
332 1847 487 1912 traditum
507 1867 658 1931 graecum
678 1846 833 1912 Boeotiae
852 1847 992 1932 Thebae,
1012 1848 1099 1933 quod

79 1958 137 2000 rex
161 1935 297 2021 Ogygos
321 1936 509 2017 aedificarit,
531 1936 565 1999 in
588 1955 668 2020 agro
692 1936 842 2002 Romano
866 1937 980 2021 Roma,
1004 1959 1103 2022 quam

79 2024 240 2089 Romulus
263 2046 332 2108 rex,
364 2026 467 2105 [nam]
491 2024 526 2086 in
550 2022 613 2087 hoc
635 2046 721 2090 nunc
744 2026 883 2109 denique
907 2029 1016 2091 estut
1039 2026 1103 2090 dici

78 2112 194 2197 possit,
217 2135 282 2178 non
306 2134 380 2178 cum
403 2112 532 2177 Ennius
556 2112 697 2195 scripsit,

37 2273 66 2314 15
127 2235 327 2319 septingenti
351 2239 428 2299 sunt
450 2235 549 2319 paulo
573 2235 646 2317 plus
671 2238 728 2298 aut
751 2235 858 2299 minus
883 2237 968 2319 anni,

129 2328 269 2408 augusto
290 2325 425 2408 augurio
444 2326 619 2407 postquam
638 2322 752 2386 inclita
771 2322 903 2387 condita
917 2324 1024 2388 Roma
1039 2327 1102 2407 est;

80 2446 223 2532 Thebae,
255 2469 338 2533 quae
370 2450 445 2511 ante
478 2446 703 2529 cataclysmon
734 2445 843 2531 Ogygi
875 2446 1024 2511 conditae
1057 2447 1133 2513 di-3

81 2539 213 2618 cuntur,
237 2557 293 2600 eae
316 2539 425 2600 tamen
449 2535 579 2600 circiter
600 2533 664 2599 duo
688 2533 779 2598 milia
800 2556 959 2598 annorum
979 2539 1012 2599 et
1030 2556 1103 2599 cen·

80 2630 154 2688 tum
173 2628 258 2689 sunt.
298 2624 385 2707 quod
404 2628 533 2706 tempus
553 2623 581 2687 si
600 2621 721 2687 referas
741 2623 781 2686 ad
800 2622 880 2687 illud
899 2623 1104 2709 principium,

36 2752 65 2792 20
81 2734 147 2797 quo
177 2714 248 2797 agri
277 2714 339 2777 coli
367 2717 444 2777 sunt
472 2711 580 2795 coepti
609 2715 707 2795 atque
734 2712 768 2774 in
798 2711 882 2775 casis
907 2716 939 2776 et
961 2713 1103 2797 tuguriis

80 2801 279 2865 habitabant
310 2823 370 2866 nec
405 2822 516 2864 murus
545 2802 578 2863 et
605 2802 701 2882 porta
729 2799 806 2883 quid
833 2803 919 2865 esset
947 2801 1104 2885 sciebant,

80 2890 208 2954 inmani
230 2911 365 2954 numero
390 2910 549 2953 annorum
572 2888 714 2952 urbanos
739 2889 901 2971 agricolae
924 2893 1102 2973 praestant.

81 2999 143 3042 nec
166 2978 297 3061 mirum,
328 2980 413 3061 quod
444 2977 553 3041 divina
575 2979 692 3039 natura
716 2974 804 3040 dedit
827 2997 939 3062 agros,
967 3001 1019 3041 ars
1042 2978 1133 3042 hu-4

82 3088 181 3130 mana
204 3066 387 3131 aedificavit
410 3066 520 3146 urbes,
552 3086 624 3128 cum
649 3067 735 3129 artes
760 3087 872 3130 omnes
896 3066 1044 3131 dicantur
1066 3067 1101 3130 in

100 3309 106 3321 Ι
129 3310 142 3362 t
174 3245 190 3293 6
218 3239 317 3365 qtuidni
342 3238 422 3308 pinni
450 3238 559 3308 (quidni
586 3236 677 3306 pinnii
704 3239 811 3309 apogr.)
898 3244 933 3294 20
960 3237 1101 3308 agricolae

83 3326 128 3364 sm
161 3326 255 3379 cocp1

66 3535 71 3539 ¹
174 3475 208 3526 20
227 3469 291 3554 agri
309 3468 363 3524 coli
382 3471 448 3523 sunt
466 3469 560 3539 coepti
579 3470 728 3524 locandae
