2430 3952
284 181 414 235 RERVM
431 180 667 235 Rl'srrcsssvn
685 181 751 236 ΠΒ.
766 181 806 234 111
821 186 854 235 16
1018 182 1081 247 15ἶ

70 348 153 411 quae
175 326 314 389 maxime
338 328 491 390 secuntur
514 348 600 408 apes.
641 348 679 389 ea
703 331 779 391 sunt
802 347 885 403 rosa,
908 328 1084 412 serpyllon,

71 416 261 497 apiastrum,
283 436 435 498 papaver,
457 413 542 496 faba,
565 414 645 498 lens,
668 414 788 497 pisum,
812 415 967 498 ocimum,
990 437 1083 499 cype-

69 525 150 585 rum,
173 503 303 586 medice,
328 503 466 566 maxime
489 503 644 586 cytisum,
668 502 879 584 quodminus
900 504 1083 568 valentibus

69 591 280 655 utilissimum
304 595 362 655 est.
407 590 526 655 etenim
557 592 598 655 ab
622 591 825 674 aequinoctio
848 612 947 657 verno
970 591 1083 657 florere

10 719 14 729 v
41 680 185 762 sincipit
207 685 241 743 et
263 682 432 762 permanet
455 679 495 742 ad
519 679 660 744 alterum
684 680 923 764 aequinoctium
943 682 1084 762 [autum-

68 770 170 848 num].
223 767 278 832 sed
307 773 344 830 ut
370 768 433 832 hoc
461 768 667 851 aptissimum
696 766 737 830 ad
764 769 937 833 sanitatem
965 770 1084 853 apium,
1096 778 1137 835 14

69 857 116 921 sic
139 855 180 920 ad
203 856 399 920 mellificium
424 855 582 939 thymum.
619 860 752 939 propter
775 856 836 920 hoc
856 854 1000 922 Siculum
1021 858 1084 923 mel

69 944 134 1008 fert
159 945 318 1026 palmam,
347 943 432 1027 quod
459 944 506 1007 ibi
532 944 681 1028 thymum
705 945 826 1009 bonum
849 944 1000 1029 frequens
1024 948 1083 1009 est.

10 1079 18 1116 ,
70 1034 180 1116 itaque
204 1033 336 1116 quidam
359 1033 508 1115 thymum
532 1032 733 1098 contundunt
755 1034 790 1096 in
812 1033 880 1117 pila
904 1037 936 1097 et
954 1034 1082 1098 diluunt

27 1121 104 1185 roin
127 1121 355 1204 aquatepida:
384 1142 422 1185 eo
446 1126 665 1204 conspergunt
688 1121 795 1186 omnia
819 1122 992 1186 seminaria
1011 1144 1084 1187 con-

71 1209 136 1274 sita
159 1209 269 1292 apium
288 1231 394 1273 causa.
422 1209 508 1292 quod
532 1210 571 1274 ad
595 1210 702 1273 locum
724 1209 873 1293 pertinet,
896 1209 957 1274 hoo
980 1230 1082 1294 genus
1096 1218 1136 1278 15

69 1298 276 1380 potissimum
304 1298 486 1381 eligendum
513 1298 603 1361 iuxta
626 1298 750 1380 villam,
777 1319 843 1362 non
874 1319 936 1382 quo
960 1299 1082 1364 nonin

71 1386 168 1450 villae
195 1387 322 1468 porticu
350 1407 477 1469 quoque
506 1386 652 1469 quidam,
684 1406 746 1468 quo
775 1387 877 1450 tutius
906 1390 1005 1470 esset,
1038 1387 1083 1452 al·

70 1474 195 1538 varium
219 1474 416 1538 collocarint.
445 1473 502 1537 ubi
524 1474 598 1557 sint,
622 1473 676 1536 alii
700 1473 824 1538 faciunt
846 1495 884 1537 ex
907 1475 1083 1539 viminibus

28 1562 238 1640 1arutundas,
271 1563 327 1626 alii
359 1583 376 1625 e
408 1562 499 1646 ligno
532 1582 569 1626 ao
602 1561 785 1645 corticibus,
817 1560 872 1625 alii
900 1583 939 1625 ex
969 1563 1083 1628 arbore

71 1672 158 1733 cava,
182 1651 239 1714 alii
262 1649 392 1729 fictiles,
412 1650 473 1723 alii
495 1651 594 1714 etiam
618 1671 656 1713 ex
679 1649 790 1713 ferulis
814 1650 990 1733 quadratas
1015 1651 1082 1715 lon·

70 1759 129 1824 gas
157 1739 255 1823 pedes
283 1738 411 1802 circiter
438 1743 564 1816 ternos,
591 1739 676 1802 latas
704 1737 831 1821 pedem,
860 1738 915 1802 sed
939 1738 1000 1819 ita,
1029 1739 1086 1804 ubi

70 1849 186 1910 parum
210 1830 286 1891 suut
309 1849 391 1911 quae
417 1827 603 1912 conpleant,
634 1831 670 1891 ut
695 1848 749 1890 eas
774 1830 1020 1910 conangustent,
1053 1828 1087 1892 in

71 1918 164 1980 vasto
187 1916 259 1980 loco
284 1916 372 1980 inani
391 1936 430 1980 aa
448 1914 670 1998 despondeant
688 1916 840 1980 animum.
879 1915 959 1980 haec
979 1917 1087 1981 omnia

31 2025 58 2067 ao
72 2009 190 2069 vocant
222 2027 241 2067 a
270 2005 376 2068 mellis
409 2004 562 2069 alimonio
593 2006 696 2088 alvos,
730 2025 809 2088 quas
837 2002 909 2068 ideo
938 2003 1088 2069 videntur

61 2092 196 2156 medias
236 2093 342 2156 facere
379 2093 642 2175 angustissimas,
679 2097 717 2157 ut
747 2092 886 2176 figuram
918 2091 1088 2158 imitentur

73 2202 191 2244 earum.
237 2180 346 2244 vitiles
375 2181 452 2244 fimo
482 2180 605 2245 bubulo
634 2181 786 2246 oblinunt
813 2181 900 2245 intus
931 2184 963 2244 et
987 2185 1140 2265 extra,16

71 2289 112 2332 ne
136 2269 310 2352 asperitate
339 2268 595 2352 absterreantur,
633 2290 751 2353 easque
780 2269 871 2332 alvos
901 2269 947 2332 ita
976 2271 1086 2334 conlo·

73 2362 149 2421 cant
176 2358 210 2420 in
238 2357 374 2421 mutulis
402 2357 546 2440 parietis,
573 2359 611 2420 ut
637 2378 678 2420 ne
707 2356 871 2438 agitentur
899 2377 978 2420 neve
1001 2357 1087 2421 inter

30 2466 58 2507 25
74 2466 108 2509 se
131 2445 333 2528 contingant,
357 2468 430 2510 cum
453 2445 486 2508 in
510 2444 654 2510 ordinem
674 2445 741 2509 sint
758 2444 892 2527 positae.
921 2444 966 2508 sio
989 2444 1086 2509 inter-

72 2533 158 2598 vallo
196 2533 391 2617 interposito
425 2534 561 2598 alterum
594 2536 627 2598 et
659 2533 792 2597 tertium
825 2532 970 2596 ordinem
1002 2533 1087 2597 infra

72 2622 196 2687 faciunt
219 2625 252 2685 et
275 2623 366 2685 aiunt
385 2621 494 2704 potius
513 2621 589 2686 hinc
609 2621 695 2686 demi
714 2624 873 2705 oportere,
896 2643 993 2705 quam
1012 2621 1086 2686 addi

73 2701 251 2794 quartum‘
270 2709 377 2773 media
396 2709 478 2793 alvo,
501 2709 563 2790 [in]
583 2732 647 2794 qua
665 2710 831 2774 introeant
850 2730 940 2791 apes,
964 2709 1089 2775 faciunt

73 2798 235 2861 foramina
261 2818 361 2880 parva
390 2797 502 2860 dextra
529 2820 567 2863 ac
591 2797 732 2862 sinistra.
779 2797 819 2860 ad
843 2802 996 2882 extrema,
1024 2809 1141 2883 qual?

33 2909 61 2949 ac
76 2885 216 2949 mellarii
253 2884 364 2949 favum
397 2885 534 2950 eximere
562 2886 709 2970 possint,
746 2887 897 2970 opercula
928 2887 1090 2971 inponunt

78 2975 169 3038 alvis.
205 2972 345 3056 optimae
364 2973 446 3036 fiunt
464 2975 630 3059 corticcae,
650 2974 841 3039 deterrimae
860 2974 984 3058 fictiles,
1004 2976 1089 3060 quod

166 3146 348 3229 lserpillon¹
381 3145 524 3216 aciprum
542 3146 669 3202 medicae
715 3148 892 3231 3cythispm
927 3147 1020 3203 minus
1038 3164 1089 3204 om.

79 3223 112 3342 ἐξ
131 3217 398 3357 iiiiiicalmm
426 3218 597 3273 collocarent
669 3225 701 3273 17
725 3219 786 3290 ubr]
811 3221 855 3274 utr
929 3225 961 3274 19
984 3235 1019 3274 na
1038 3235 1088 3274 om.

166 3453 181 3502 2
211 3464 343 3518 cyperum
376 3449 523 3505 Iracundus
612 3454 628 3502 3
657 3447 749 3502 minus
781 3446 943 3503 ualentibus
976 3447 1091 3504 Ursinus

81 3523 114 3571 14
132 3519 297 3574 collocarint
314 3535 329 3573 c
402 3522 436 3571 28
455 3520 485 3572 in
502 3520 616 3575 inclusit
634 3519 814 3575 Schneideros
894 3524 927 3574 30
946 3518 1056 3590 possint
1074 3535 1090 3576 v
