2430 3952
140 203 182 269 58
456 223 458 228 .
556 202 742 257 vicaonis

141 355 254 413 tumne
274 353 330 412 aut
349 348 454 412 hieme
474 349 579 433 magis
595 349 653 412 sub
668 351 757 412 terra
771 369 869 431 quam
885 369 983 430 supra
997 347 1157 432 alemant,

140 439 224 523 quod
249 442 353 501 tectae
376 441 481 501 terrae
505 443 616 519 tepore
639 441 880 521 propagantur,
910 458 1008 520 supra
1031 440 1156 501 terram

141 549 214 591 aere
237 527 403 611 frigidiore
428 530 599 609 coguntur.
644 526 754 608 itaque
782 526 830 588 ita
858 547 928 589 esse
958 523 1074 589 docent
1099 525 1156 590 sil·

140 617 275 697 vestria,
305 616 344 678 ad
374 637 455 699 quae
484 619 572 679 sator
598 637 665 679 non
695 615 841 680 accessit.
886 636 962 677 nam
987 614 1078 696 prius
1103 636 1157 678 ra·

141 705 235 787 dices,
260 726 358 787 quam
383 725 421 767 ex
444 704 485 767 iis
510 704 594 786 quod
618 704 703 768 solet
726 703 824 785 nasci,
848 707 1004 767 crescunt
1049 724 1156 786 neque
1182 724 1194 765 s

141 793 266 856 radices
290 794 418 876 longius
442 792 630 875 procedunt,
661 792 725 856 nisi
750 814 812 876 qno
836 795 931 875 tepor
954 791 1043 855 veuit
1066 792 1156 856 solis.

142 882 259 964 duplex
282 903 381 945 eausa
403 882 569 958 radicium,
592 881 678 964 quod
702 885 733 945 et
752 882 918 944 materiem
939 881 1037 944 aliam
1057 903 1157 963 quam

143 971 241 1034 aliam
270 970 401 1053 longius
430 971 548 1053 proicit
569 974 696 1050 natura,
727 973 759 1032 et
783 970 869 1052 quod
892 970 956 1033 alia
978 973 1067 1032 terra
1090 970 1158 1033 alia

69 1058 293 1128 XLVlfacilius
312 1060 397 1122 viam
417 1059 480 1124 dat.
517 1063 650 1140 propter
669 1059 760 1122 ouius
784 1058 870 1121 modi
894 1080 945 1121 res
965 1058 1158 1143 admiranda

142 1148 329 1211 discrimina
352 1152 428 1209 sunt
450 1152 584 1210 naturae
608 1147 746 1229 aliquot,
777 1169 816 1210 ex
844 1146 1037 1230 quibusdam
1064 1146 1157 1211 foliis
1171 1168 1197 1208 ro

141 1241 274 1319 propter
302 1257 412 1299 eorum
441 1256 622 1318 versuram,
656 1235 740 1318 quod
773 1236 815 1299 sit
843 1235 920 1299 anni
947 1241 1089 1318 tempus,
1120 1239 1158 1300 ut

141 1325 204 1388 dici
227 1325 347 1407 possit,
371 1327 407 1387 ut
431 1325 502 1387 olea
525 1329 558 1387 et
582 1325 722 1407 populus
746 1324 822 1387 alba
845 1330 877 1388 et
901 1325 991 1389 salix.
1037 1324 1157 1388 borum

142 1413 227 1476 enim
259 1412 340 1476 folia
373 1434 445 1476 cum
478 1417 708 1476 converterunt
740 1434 790 1491 se,
824 1413 1003 1476 solstitium
1037 1412 1158 1477 dicitur

140 1503 250 1566 fuisse.
300 1523 360 1565 nec
388 1503 494 1564 minus
525 1502 748 1565 admirandum
778 1502 863 1584 quod
895 1503 931 1564 fit
953 1502 987 1564 in
1010 1501 1157 1584 floribus,

142 1613 223 1672 quos
252 1594 371 1654 vocant
399 1591 596 1672 heliotropia
620 1591 660 1653 ab
684 1611 736 1673 eo7
765 1591 849 1673 quod
878 1592 918 1654 ad
943 1589 1020 1654 solis
1045 1594 1155 1654 ortum
1170 1609 1197 1651 ιε

141 1701 235 1743 mane
259 1683 409 1763 spectant
437 1683 469 1742 et
498 1680 565 1742 eius
594 1680 656 1742 iter
684 1679 731 1742 ita
755 1683 907 1743 secuntur
931 1679 972 1742 ad
995 1700 1158 1761 occasum,

141 1773 178 1831 ut
201 1769 240 1831 ad
265 1790 337 1831 eum
362 1789 489 1850 semper
511 1771 667 1850 spectent.

68 1870 172 1925 XLVII
231 1855 270 1919 In
295 1857 468 1919 seminario
488 1877 570 1939 quae
590 1856 726 1919 surculis
747 1856 871 1920 consita
891 1860 923 1920 et
941 1878 1052 1920 eorum
1074 1858 1158 1920 mol-

142 1946 224 2008 liora
239 1949 334 2008 erunt
348 1949 464 2008 natura
479 1945 659 2025 cacumina,
678 1948 715 2008 ut
730 1945 801 2008 olea
816 1967 852 2008 ac
867 1946 956 2028 ficus,
975 1966 1014 2008 ea
1028 1966 1158 2010 summa

142 2032 316 2115 integenda
349 2033 433 2096 binis
467 2033 597 2096 tabellis
630 2035 744 2096 dextra
777 2038 809 2097 et
842 2034 976 2097 sinistra
1008 2030 1195 2118 deligatam

142 2121 325 2204 herbaeque
349 2120 522 2204 eligendae.
552 2144 607 2186 eae
627 2122 702 2185 dum
719 2126 856 2186 tenerae·
871 2127 955 2202 sunt,
979 2122 1158 2189 vellendae.

144 2210 247 2274 acrius
279 2211 365 2273 enim
394 2210 502 2274 aridae
530 2209 636 2275 factae
664 2212 812 2274 rixantur
841 2233 878 2274 ae
906 2212 1041 2275 celerius
1072 2233 1157 2276 rum·

143 2301 276 2383 puntur‚
312 2321 407 2383 quam
439 2304 599 2363 secuntur.
650 2306 764 2363 contra
792 2300 893 2363 herba
920 2300 953 2362 in
981 2300 1083 2383 pratis
1117 2301 1158 2364 ad

144 2409 233 2470 spem
269 2388 454 2451 faenisiciae
486 2392 564 2452 nata
596 2411 662 2452 non
694 2389 789 2452 modo
822 2410 889 2452 non
922 2388 1089 2453 evellenda
1122 2389 1157 2453 in

74 2528 82 2548 ,
142 2477 315 2558 nutricatu,
339 2477 393 2541 sed
418 2479 516 2541 etiam
539 2499 604 2541 non
628 2477 790 2541 calcanda.
836 2499 899 2560 quo
928 2481 960 2540 et
990 2499 1088 2560 pecus
1114 2479 1198 2543 aba

143 2568 236 2647 prato
257 2566 473 2650 ablegandum
493 2570 525 2629 et
544 2577 637 2629 omne
657 2567 846 2649 iumentum,
866 2567 964 2628 etiam
979 2565 1158 2634 homiuem.

143 2654 249 2717 solum
273 2654 358 2718 euim
381 2654 524 2718 hominis
544 2654 676 2717 exitium
696 2654 815 2717 herbae
835 2659 868 2717 et
887 2655 1022 2719 semitae
1041 2653 1158 2720 funda·

62 2756 178 2812 XLVIII
188 2746 342 2805 mentum.
369 2743 404 2806 in
424 2743 587 2827 segetibus
608 2748 715 2806 autem
734 2742 931 2807 frumentum
946 2764 1009 2827 quo
1031 2743 1159 2809 culmus

232 2973 248 3020 2
268 2969 343 3036 quod
360 2970 453 3023 tectae
473 2971 540 3038 (quo
559 2971 633 3023 tecte
652 2971 722 3039 Pol,
742 2969 817 3037 quod
837 2972 931 3024 tectae
946 2971 1073 3038 plurima
1091 2988 1159 3041 apo-

144 3039 260 3107 propha)
334 3041 520 3110 3coguntur]
539 3040 687 3107 tinguntur
759 3043 858 3108 latq3
878 3044 955 3095 sator
1027 3043 1160 3097 teolent

144 3109 271 3180 6tepor]
293 3114 420 3179 tempore
451 3129 454 3134 ·
500 3111 660 3165 tradicum
743 3111 889 3166 materiem
909 3113 1067 3180 (materiam
1090 3113 1119 3168 V
1134 3121 1164 3170 et.

143 3182 280 3235 nonnullo
290 3183 461 3252 apographa)
517 3188 550 3236 1o
565 3184 665 3237 natura
680 3183 795 3250 aliquod
852 3188 884 3237 19
899 3199 932 3237 ac
946 3184 964 3236 fi
979 3190 1024 3250 (ac
1037 3184 1106 3238 ficus
1119 3185 1159 3256 V)

143 3257 177 3306 22
197 3252 300 3322 acrius]
320 3251 397 3321 prius
452 3252 619 3308 rehabam

234 3485 353 3552 6tepor
378 3485 485 3552 Popma
594 3491 608 3538 7
638 3483 775 3538 radicium
808 3483 953 3540 Charisius
973 3502 1004 3553 p.
1025 3491 1098 3554 142,
1121 3493 1160 3543 14
1196 3463 1199 3466 ,

146 3559 178 3607 19
198 3570 231 3608 ac
249 3554 319 3609 ficus
336 3572 363 3610 m
381 3561 406 3610 et
424 3560 557 3610 comestor
575 3557 676 3610 codicis
696 3556 856 3611 Florentiai'
949 3561 983 3611 23
1003 3557 1092 3612 herba
1109 3576 1160 3615 mv
