2430 3952
282 232 412 288 RERVM
429 231 666 288 Rvsulcnuvm
680 232 748 288 LIB.
763 233 802 287 ΙΙΙ
820 239 836 288 5
1009 235 1074 300 135

61 379 181 444 avium.
226 378 314 442 intra
345 381 447 442 retem
480 399 556 442 aves
589 382 665 443 sunt
697 379 905 464 omnigenus,
937 381 1129 445 maximel4

60 467 231 550 cantrices,
253 469 291 531 ut
313 466 503 531 lusciniolae
527 488 565 530 ac
587 468 751 548 merulae,¹
772 467 887 552 quibus
911 490 995 552 aqua
1018 469 1076 532 mi·

58 557 220 620 nistratur
247 577 306 638 per
333 555 562 634 canaliculum‚
591 556 680 620 cibus
709 555 849 620 obicitur
877 557 937 620 sub
964 559 1076 622 retem.

60 644 175 709 subter
193 643 416 708 columnarum
435 644 621 727 stylobaten
639 647 689 708 est
707 644 790 727 lapis
810 667 829 708 a
848 644 946 708 falere
961 644 1076 728 pedem

30 737 95 797 eet
118 732 308 797 dodrantem
332 732 411 795 alta:
447 733 554 815 ipsum
578 732 677 796 falere
701 732 742 796 ad
765 733 828 797 duo
851 732 950 816 pedes
974 735 1076 818 altum

60 843 80 886 a
109 827 240 905 stagno,
269 821 373 884 latum
401 819 441 884 ad
469 821 623 904 quinque,
652 825 690 885 ut
719 821 752 884 in
776 822 910 886 culcitas
934 826 967 886 et
990 822 1075 886 colu·

59 910 175 973 mellas
213 910 367 973 convivae
405 908 540 991 pedibus
573 909 740 973 circumire
772 910 908 993 possint.
962 910 1075 974 infimo

60 999 148 1063 intra
170 997 271 1061 falere
294 1000 344 1060 est
364 1002 517 1081 stagnum
536 1019 609 1061 cum
629 999 774 1082 margine
793 998 899 1081 pedali
918 1000 951 1078 et
969 998 1076 1063 insula

59 1089 95 1151 in
127 1085 232 1149 medio
265 1107 374 1169 parva.
420 1085 540 1150 circum
567 1086 667 1150 falere
696 1092 730 1151 et
756 1086 886 1151 navalia
915 1089 992 1151 sunt
1022 1108 1076 1150 ex-

15 1194 45 1234 ro
60 1178 176 1240 cavata
203 1175 348 1238 anutium
377 1173 514 1238 stabula.
559 1174 594 1238 in
621 1175 730 1239 insula
758 1179 807 1240 est
830 1175 1011 1258 columella,
1040 1175 1074 1238 in
1087 1183 1127 1242 15
1174 1196 1193 1220 r

59 1285 125 1348 qua
147 1263 236 1327 intus
260 1262 343 1345 axis,
372 1263 427 1346 qui
455 1284 515 1345 pro
544 1284 656 1326 mensa
679 1263 819 1327 sustinet
841 1267 947 1328 rotam
970 1263 1075 1327 radia·

57 1356 137 1433 tam,
159 1352 207 1415 ita
229 1353 266 1413 ut
289 1351 330 1415 ad
353 1355 541 1433 extremum,
565 1350 621 1414 ubi
645 1352 746 1415 orbile
771 1353 854 1416 solet
874 1374 943 1416 esse
964 1374 1075 1417 arcua-

57 1445 140 1523 tum,
167 1439 281 1503 tabula
309 1442 423 1503 cavata
453 1440 496 1503 sit
522 1443 560 1503 ut
586 1442 778 1523 tympanum
806 1441 841 1503 in
868 1439 1076 1505 latitudinem

58 1528 123 1592 duo
142 1527 240 1611 pedes
259 1531 293 1591 et
311 1527 517 1611 semipedem,
535 1528 569 1591 in
590 1528 794 1591 altitudinem
812 1528 965 1612 palmum.
995 1529 1076 1592 haec

12 1634 42 1677 1⁶
59 1618 103 1681 ab
131 1637 195 1680 uno
224 1637 337 1700 puero,
366 1616 422 1699 qui
451 1615 629 1699 ministrat,
655 1616 703 1679 ita
725 1616 874 1698 vertitur,
901 1620 939 1679 ut
967 1616 1076 1680 omnia

57 1726 127 1769 una
149 1707 315 1788 ponantur
344 1708 377 1768 et
406 1703 445 1768 ad
469 1704 643 1768 bibendum
666 1707 699 1767 et
723 1703 763 1768 ad
786 1704 943 1768 edendum
967 1706 1000 1767 et
1024 1704 1076 1768 ad·

57 1797 250 1857 moveantur
278 1792 318 1856 ad
349 1814 459 1856 omnes
487 1794 649 1857 convivas.
695 1814 733 1856 ex
766 1797 921 1877 suggesto
954 1792 1075 1877 faleris,
1088 1802 1128 1860 16

58 1881 118 1946 ubi
155 1881 263 1946 solent
295 1903 366 1945 esse
398 1881 667 1965 peripetasmata,
704 1881 864 1964 prodeunt
897 1884 1008 1945 anates
1040 1881 1091 1968 in¹

58 1974 215 2054 stagnum
239 1991 276 2034 ac
298 1973 392 2053 nant,
415 1991 432 2033 e
457 1990 519 2052 quo
543 1970 631 2033 rivus
655 1969 803 2053 pervenit
824 1969 859 2033 in
883 1968 971 2052 duas,
996 1991 1075 2054 ques

12 2075 43 2116 so
59 2057 143 2142 dixi,
169 2059 326 2142 piscinas,
353 2079 391 2123 ac
417 2057 565 2142 pisciculi
593 2059 678 2123 ultro
707 2080 745 2122 ac
776 2059 857 2122 citro
881 2062 1077 2142 conmetant,

58 2169 135 2212 cum
153 2151 186 2211 et
205 2167 289 2229 aqua
307 2146 410 2211 calida
429 2150 461 2209 et
479 2145 598 2229 frigida
617 2169 655 2210 ex
674 2147 745 2211 orbi
763 2146 873 2229 ligneo
893 2169 1077 2231 mensaque,

58 2257 160 2321 quam
190 2234 256 2298 dixi
282 2235 317 2298 in
344 2234 457 2318 primis
486 2234 586 2298 radiis
615 2256 700 2317 esse,
733 2235 886 2318 epitoniis
909 2236 1012 2299 versis
1036 2235 1076 2299 ad

56 2345 161 2388 unum
183 2345 340 2406 quemque
362 2321 484 2387 factum
508 2323 551 2386 sit
573 2325 610 2386 ut
632 2322 713 2386 fluat
734 2323 915 2388 convivam.
959 2323 1073 2386 intrin·
1088 2345 1129 2403 17

58 2433 154 2478 secus
178 2411 237 2476 sub
262 2411 354 2475 tholo
374 2412 471 2476 stella
489 2410 603 2475 lucifer
620 2411 771 2492 interdiu,
793 2414 892 2475 noctu
909 2410 1076 2494 hesperus,

13 2517 43 2558 2⁵
57 2502 110 2565 ita
122 2500 323 2564 circumeunt
337 2499 377 2562 ad
390 2500 538 2563 infimum
552 2499 827 2583 hemisphaerium
843 2521 880 2563 ac
896 2503 1076 2581 moventur,

57 2594 98 2654 ut
117 2589 274 2671 indicent,
298 2592 377 2672 quot
401 2588 465 2652 sint
488 2587 595 2652 horae.
642 2589 677 2652 in
700 2588 813 2652 eodem
835 2587 1075 2670 hemisphaerio

58 2676 168 2742 medio
197 2676 317 2740 circum
344 2676 507 2741 cardinem
537 2679 587 2740 est
617 2677 705 2741 orbis
729 2679 899 2740 ventorum
923 2679 1011 2758 octo,
1038 2680 1076 2740 ut

57 2766 200 2831 Athenis
234 2765 269 2828 in
301 2765 488 2848 horologio,
521 2765 606 2847 quod
639 2765 716 2830 fecit
748 2763 928 2847 Cyrrestes,
965 2764 1075 2847 ibique

58 2855 207 2919 eminens
234 2853 342 2918 radius
372 2875 391 2917 a
420 2853 548 2917 cardine
578 2853 617 2917 ad
645 2854 757 2918 orbem
785 2853 832 2916 ita
855 2855 1013 2936 movetur,
1040 2856 1078 2916 ut

13 2959 44 3000 ω
58 2965 135 3008 eum
158 2945 276 3026 tangat
298 2947 440 3024 ventum,
464 2942 518 3026 qui
541 2941 606 3025 flet,
630 2946 668 3006 ut
690 2943 778 3005 intus
802 2941 883 3005 scire
906 2941 1022 3024 possis.

152 3029 234 3096 Cum
255 3031 336 3095 haec
358 3031 571 3113 loqueremur,
595 3030 717 3094 clamor
739 3030 777 3093 fit
801 3031 835 3094 in
859 3051 982 3113 campo.
1016 3050 1076 3093 nos
1089 3053 1128 3111 13

150 3204 241 3258 tduo
260 3204 341 3274 (duos
365 3204 405 3273 V)
469 3209 500 3258 m
521 3203 646 3258 accitum
702 3210 734 3258 18
754 3203 974 3273 peripetasmata
993 3202 1076 3271 (peri-

56 3275 219 3416 ppgptsppata
237 3274 309 3342 Pol.)
352 3280 385 3328 19
404 3275 534 3344 peruenit
553 3275 694 3344 (prouenit
717 3275 755 3343 V)
801 3280 836 3328 26
856 3273 931 3343 quod
977 3279 1011 3327 28
1030 3290 1076 3341 oy·

146 3510 185 3631 di
213 3507 359 3631 qqcuatum
389 3505 525 3561 Gesrwrce
602 3509 636 3558 28
666 3503 827 3572 Cyrrhestes
858 3503 1001 3557 Turnebus
1028 3503 1077 3557 ad-

57 3591 128 3631 vers.
183 3617 193 3643 ,
