2430 3952
211 215 342 270 RERVM
361 215 600 272 RVSTICARVM
617 216 684 271 LIB.
703 218 716 270 Ι
735 223 821 272 9-11
980 217 1022 282 27

99 358 173 440 Illa,
199 359 329 443 Medos,
357 361 473 444 quibus
501 361 692 425 metirentur
715 384 804 444 rura,
832 362 915 428 alius
939 364 1058 432 aliosx

48 448 189 514 nstituit.
224 449 359 514 namin
377 448 537 533 Hispania
559 450 714 513 ulteriore
732 452 910 515 metiuntur
928 452 1024 537 iugis,
1091 466 1094 471 “

69 535 248 621 Campania
271 537 432 620 versibus,
460 538 545 621 apud
568 559 628 602 nos
651 538 686 601 in
710 560 790 624 agro
813 539 961 606 Romano
986 562 1024 605 ac

47 626 128 690 atino
152 627 283 710 ingeris.
319 626 432 710 iugum
455 632 581 710 vocant,
604 627 689 710 quod
713 628 816 692 iuncti
838 628 938 693 boves
958 651 1023 694 uno

47 736 61 777 e
95 736 227 779 exarare
264 715 401 800 possint.
456 737 584 779 versum
617 715 728 779 dicunt
759 719 889 780 centum
925 719 1023 801 pedes

47 824 138 886 loquo
162 826 290 868 versum
315 804 515 888 quadratum.
557 805 714 889 iugerum,
738 804 822 887 quod
846 806 1053 887 quadratos2

47 914 90 957 ros
114 896 204 956 actus
227 893 356 957 habeat.
403 897 495 956 actus
520 893 708 977 quadratus,
732 893 843 976 quiet
867 895 953 958 latus
975 900 1024 959 est

47 980 106 1044 dea
126 997 194 1045 cxx
216 985 250 1045 et
276 981 395 1065 longus
422 981 573 1045 totidem:
601 983 629 1046 is
657 981 771 1046 modus
795 1003 898 1046 acnua
921 983 1023 1048 latine

47 1068 203 1152 pellatur.
249 1071 355 1155 iugeri
377 1091 453 1152 pars
476 1070 612 1134 minima
635 1070 752 1135 dicitur
775 1071 966 1154 scripulum,
989 1071 1023 1135 id

47 1163 59 1221 t
86 1158 195 1222 decem
223 1159 320 1241 pedes
345 1163 378 1222 et
405 1158 607 1242 longitudine
632 1163 664 1223 et
690 1158 861 1223 latitudine
886 1160 1023 1242 quadra-

46 1269 87 1310 m.
125 1248 166 1310 ab
189 1247 251 1311 hoo
269 1247 428 1331 principio
448 1269 612 1312 mensores
632 1269 698 1312 non
715 1269 893 1332 numquam
912 1249 1023 1313 dicunt

74 1335 272 1400 subsicivum
305 1357 374 1401 esse
405 1336 533 1399 unciam
567 1337 636 1420 agri
665 1339 722 1399 aut
749 1340 943 1419 sextantem,
977 1338 1023 1402 sic

47 1423 85 1487 rid
110 1424 206 1508 aliud,
230 1446 303 1488 eum
328 1425 367 1488 ad
391 1425 539 1507 iugerum
562 1429 791 1507 pervenerunt,
815 1425 901 1508 quod
923 1426 1022 1490 habet

47 1533 157 1596 gerum
189 1513 332 1596 scripula
360 1530 578 1596 conxxxvnr,
610 1517 768 1595 quantum
801 1534 836 1576 as
870 1514 1021 1596 antiquos

47 1604 118 1665 »ster
148 1605 223 1665 ante
253 1602 374 1666 bellum
402 1601 556 1683 punicum
588 1601 758 1682 pendebat.
803 1600 882 1663 bina
909 1601 1022 1685 iugera

47 1689 93 1754 od
109 1712 129 1753 a
142 1689 281 1754 Romulo
300 1692 441 1773 primum
461 1689 566 1753 divisa
580 1689 768 1753 dicebantur
786 1688 922 1773 viritim,
940 1712 1021 1773 quae

48 1777 157 1842 redem
172 1783 390 1862 sequerentur,
407 1778 575 1843 heredium
591 1778 804 1861 appellarunt.
839 1777 920 1843 haec
933 1784 1021 1862 post-

70 1871 200 1931 centum
228 1869 382 1932 centuria.
429 1867 575 1931 centuria
599 1871 649 1930 est
668 1866 834 1950 quadrata,
855 1867 891 1929 in
910 1889 1021 1932 omnes

51 1959 161 2020 attuor
174 1960 283 2038 partes
299 1960 335 2019 ut
353 1956 473 2020 habeat
487 1956 591 2019 latera
609 1956 709 2038 longa
723 1955 841 2038 pedum
856 1976 896 2016 00
906 1977 946 2017 00
962 1962 1022 2022 oli.
1133 1975 1157 2001 ·

47 2065 68 2108 e
95 2065 194 2126 porro
223 2047 389 2128 quattuor,
418 2045 582 2108 centuriae
612 2045 801 2108 coniunctae
830 2046 866 2107 ut
894 2044 960 2108 sint
987 2044 1021 2108 in

47 2154 179 2215 ramque
205 2137 332 2214 partem
360 2133 472 2216 binae,
500 2133 707 2217 appellantur
734 2133 769 2196 in
797 2132 885 2215 agris
909 2134 1020 2198 divisis

47 2220 130 2285 sitim
153 2221 280 2304 publice
304 2222 416 2285 saltus.

95 2308 136 2373 In
154 2310 250 2374 modo
268 2308 360 2373 fundi
378 2331 443 2375 non
463 2310 686 2374 animadverso
704 2308 788 2391 lapsi
808 2308 911 2387 multi,
935 2308 1067 2392 quoXm

47 2399 62 2461 i
94 2398 208 2462 villam
245 2398 353 2462 minus
390 2421 543 2482 magnam
577 2397 735 2475 fecerunt,
773 2418 869 2480 quam
906 2397 1021 2461 modus

47 2487 101 2551 ndi
113 2486 304 2570 postulavit,
324 2487 380 2551 alii
394 2488 560 2568 maiorem,
579 2508 652 2550 cum
667 2491 838 2568 utrumque
853 2485 895 2548 sit
910 2488 1022 2549 contra
1047 2549 1048 2553 ,

47 2597 75 2639 m
107 2575 303 2639 familiarem
336 2597 373 2643 ao
404 2575 556 2640 fructum.
602 2575 726 2638 maiora
759 2574 844 2636 enim
875 2576 961 2637 tecta
989 2576 1023 2636 et

47 2664 215 2728 dificamus
239 2664 339 2747 pluris
364 2668 397 2728 et
419 2668 547 2728 tuemur
570 2670 701 2746 sumptu
723 2661 855 2726 maiore.
896 2661 1022 2726 minora

47 2775 80 2815 m
109 2756 199 2835 sunt,
227 2775 324 2836 quam
351 2754 499 2835 postulat
521 2752 651 2830 fundus,
679 2751 803 2815 fructus
828 2749 934 2815 solent
958 2751 1022 2814 dis-

47 2841 113 2905 rire
138 2841 200 2921 [L].
246 2841 381 2905 dubium
411 2842 497 2904 enim
524 2862 590 2905 non
618 2843 669 2905 est
691 2839 769 2922 quin
793 2839 874 2903 cella
897 2839 1051 2904 vinaria2

47 2930 114 2994 aior
141 2929 185 2993 sit
211 2929 359 3014 facienda
386 2931 420 2993 in
449 2952 486 2994 eo
516 2950 607 3014 agro,
636 2929 692 2993 ubi
714 2928 824 2992 vineta
847 2928 926 3012 sint,
955 2951 1021 2992 am-

47 3019 115 3083 iora
137 3020 174 3081 ut
197 3017 322 3102 horrea,
346 3018 374 3082 si
395 3018 626 3082 frumentarius
650 3037 727 3100 ager
750 3020 807 3080 est.

96 3105 187 3170 Villa
201 3106 398 3171 aedificanda
413 3106 619 3190 potissimum
635 3109 671 3169 ut
689 3105 777 3168 intra
797 3108 908 3186 saepta
922 3105 1021 3168 villae

47 3196 130 3260 ,beat
153 3217 280 3279 aquam,
304 3195 332 3258 si
355 3217 433 3279 non,
464 3217 560 3278 quam
584 3195 742 3278 proxime:
770 3193 911 3275 primum
939 3215 1022 3276 quae

47 3284 53 3347 i
86 3284 131 3347 sit
166 3288 256 3365 nata,
299 3284 473 3348 secundum
512 3305 594 3368 qnae
631 3282 748 3346 influat
784 3281 943 3365 perennis.
994 3281 1022 3345 si

98 3499 113 3546 7
133 3493 204 3546 duos
223 3453 301 3548 aetds
317 3493 400 3562 (duos
419 3496 498 3547 actus
518 3495 626 3562 opopa)
716 3496 748 3545 12
768 3488 908 3560 sicquid]
928 3489 1022 3558 siquid

60 3563 143 3618 fundi
157 3566 307 3633 posteriore
325 3566 382 3619 loro
400 3581 449 3619 om.
524 3570 557 3618 32
578 3562 677 3617 uillam
696 3561 898 3617 aedificandam
