2430 3952
143 200 186 263 56
561 197 759 270 VARRONIS}

142 345 249 409 tarda:
272 345 307 407 in
330 345 392 408 hoc
416 343 501 408 enim
520 343 680 408 umidiora
698 364 795 427 quam
815 341 964 408 aridiora.
988 378 1032 389 -
1057 365 1161 427 quare

143 455 180 497 ex
204 438 292 498 terra
314 432 423 517 potius
447 433 480 496 in
505 432 688 496 seminariis
712 431 857 496 surculos
881 431 920 494 de
938 432 1033 497 ficeto
1058 455 1159 516 quam

143 544 247 607 grana
275 523 312 586 de
340 523 401 586 fico
430 521 559 604 expedit
587 522 735 603 obruere,
767 523 896 604 praeter
926 520 954 584 si
984 520 1078 585 aliter
1102 544 1159 587 ne·

143 633 257 696 queas,
284 615 322 674 ut
350 611 507 694 siquando
537 610 608 694 quis
636 614 728 673 trans
757 630 846 673 mare
874 608 999 672 semina
1026 611 1159 675 mittere

143 705 199 764 aut
222 700 295 764 inde
318 704 429 783 petere
453 699 532 764 vult.
573 703 643 762 tum
667 699 752 763 enim
775 698 963 762 resticulam
986 699 1159 786 porticos,
1185 725 1197 768 r

144 811 223 872 quas
239 788 372 870 edimus,
394 792 538 852 maturas
552 791 724 870 perserunt
738 791 771 851 et
785 808 848 869 eas,
870 808 942 850 cum
957 787 1160 872 inaruerunt,

144 878 331 960 conplicant
354 899 391 942 ac
416 899 478 961 quo
502 876 617 940 volunt
640 876 785 960 mittunt,
807 875 864 939 ubi
889 875 1024 941 obrutae
1048 877 1082 940 in
1110 899 1159 941 se·

113 966 281 1031 ominario
312 965 450 1049 pariant.
497 965 543 1027 sic
574 986 693 1048 genera
717 965 864 1043 ficorum,
893 964 984 1027 chiae
1009 987 1046 1029 ac
1070 965 1158 1030 chal-

143 1055 261 1120 cidicae
286 1058 319 1119 et
342 1054 449 1137 lydiae
468 1058 497 1116 et
515 1053 688 1135 africanae,
711 1052 791 1116 item
810 1060 918 1118 cetera
935 1055 1160 1119 transmarina

143 1145 178 1207 in
200 1143 330 1207 Italiam
354 1143 489 1225 perlata.
527 1141 626 1204 simili
650 1142 688 1205 dc
713 1162 819 1225 causa,
843 1141 932 1205 oleae
955 1164 1063 1206 semen
1083 1165 1159 1207 cum
1174 1171 1198 1210 10

124 1233 186 1318 Ι011
214 1232 383 1308 nuculeus,
418 1231 503 1312 quod
537 1252 576 1293 cx
609 1251 646 1293 eo
677 1230 800 1294 tardius
829 1230 1043 1295 enascebatur
1075 1232 1159 1296 colis

143 1341 239 1403 quam
263 1342 301 1383 cx
325 1320 413 1401 aliis,
441 1320 512 1383 ideo
537 1319 646 1402 potius
669 1319 703 1381 in
727 1319 907 1383 seminariis
930 1319 1049 1402 taleae,
1076 1341 1160 1404 quas

89 1422 164 1477 XLII
174 1408 249 1490 dixi,
269 1408 415 1472 serimus.
438 1408 470 1470 in
485 1407 599 1492 primis
615 1407 766 1472 observes
781 1430 820 1472 ne
836 1409 870 1472 in
885 1410 1007 1472 terram
1021 1409 1161 1474 nimium

144 1498 269 1561 aridam
294 1501 350 1561 aut
371 1497 504 1580 variam,
528 1496 584 1560 sed
607 1498 831 1579 temperatam,
862 1518 972 1560 semen
996 1496 1160 1562 demittas.

142 1588 177 1651 in
199 1587 345 1671 iugerum
368 1608 478 1668 unum,
502 1585 529 1648 si
553 1589 602 1649 est
622 1589 942 1670 natura·temperata
959 1588 1056 1667 terra,
1080 1587 1160 1651 scri·
1173 1612 1199 1654 rs

143 1677 225 1740 bunt
248 1697 329 1758 opus
353 1695 424 1738 esse
448 1674 589 1738 medicae
613 1674 874 1757 sesquimodium.
910 1673 944 1736 id
965 1675 1083 1738 seritur
1102 1675 1160 1759 ita,

143 1769 181 1828 111
204 1786 314 1827 semen
338 1763 483 1844 iaciatur,
507 1763 812 1845 quemadmodum
834 1761 888 1843 [L]
909 1784 983 1826 cum
1001 1763 1161 1847 pabulum

76 1867 164 1920 XLIII
178 1856 210 1917 et
227 1851 424 1915 frumentum
446 1851 572 1918 seritur.
609 1852 747 1935 cytisum
767 1853 885 1915 seritur
908 1852 942 1915 in
964 1858 1053 1916 terra
1075 1852 1160 1917 bene

144 1941 278 2004 subacta
300 1944 468 2023 tamquam
497 1962 606 2003 semen
634 1941 804 2004 brassicae.
850 1940 925 2004 inde
957 1940 1105 2004 differtur
1129 1945 1162 2005 et

144 2031 177 2094 in
206 2028 430 2112 sesquipedem
457 2029 602 2110 ponitur,
631 2031 687 2092 aut
717 2029 815 2093 etiam
839 2030 878 2093 de
901 2029 1004 2113 cytiso
1029 2028 1200 2096 duriorem

145 2119 291 2201 virgulae
329 2117 574 2200 deplantantur,
612 2121 645 2182 et
682 2118 730 2182 ita
761 2118 915 2202 pangitur
947 2119 981 2182 in
1014 2118 1161 2184 serendo.

74 2221 162 2276 XLIV
173 2211 323 2271 seruntur
342 2205 438 2269 fabae
453 2205 552 2269 modii
566 2224 618 2270 1111
632 2207 664 2270 in
680 2207 802 2290 iugem,
820 2207 923 2271 tritici
936 2226 968 2288 v,
987 2206 1101 2271 hordei
1115 2226 1161 2286 v1,

144 2295 239 2359 farris
250 2314 283 2379 x,
310 2295 365 2358 scd
385 2316 450 2358 non
468 2294 568 2358 nullis
587 2296 667 2360 locis
686 2296 784 2379 paulo
805 2295 945 2378 amplius
966 2296 1161 2361 autminus.

145 2385 172 2449 si
197 2383 282 2447 enim
305 2384 394 2448 locus
418 2405 556 2466 crassus,
578 2385 666 2466 plus3
705 2384 733 2447 si
756 2405 872 2466 macer,
895 2385 1010 2448 minus.
1059 2407 1161 2468 quare

145 2472 344 2556 observabis,
374 2476 531 2555 quantum
563 2473 598 2536 in
631 2495 669 2536 ea
701 2472 833 2556 regione
866 2472 1064 2537 consuetudo
1099 2474 1203 2543 eritas

145 2563 285 2645 serendi,
312 2566 349 2625 ut
375 2563 504 2624 tantum
535 2559 652 2642 facias,
690 2561 774 2642 quod
803 2565 932 2625 tantum
956 2561 1044 2626 valet
1067 2564 1160 2646 regio

145 2673 181 2715 ac
205 2671 307 2735 genus
331 2653 452 2733 terrae,
481 2653 518 2712 ut
541 2671 579 2712 cx
603 2650 714 2713 eodem
738 2649 860 2714 semine
884 2649 986 2714 aliubi
1010 2671 1083 2714 cum
1107 2652 1160 2716 de·

145 2740 227 2803 cimo
252 2738 373 2820 redeat,
398 2737 498 2801 aliubi
522 2760 595 2802 cum
619 2739 732 2820 quinto
757 2738 891 2821 decimo,
913 2744 950 2802 ut
974 2739 1007 2801 in
1026 2737 1162 2805 Etruria

115 2827 226 2893 tlocis
255 2827 390 2910 aliquot.
436 2826 471 2889 in
497 2825 595 2890 Italia
622 2828 657 2889 in
686 2825 881 2891 Subaritano
916 2827 1027 2891 dicunt
1060 2829 1161 2893 etiam

146 2938 217 2980 cum
241 2915 418 2978 centesimo
442 2913 547 2978 redire
572 2915 712 2997 solitum,
736 2916 769 2978 in
794 2913 888 2999 Syria
912 2916 952 2979 ad
972 2915 1101 2980 Gadara
1127 2920 1202 2984 etro

144 3004 178 3067 in
203 3004 316 3067 Africa
339 3004 378 3067 ad
402 3002 579 3085 Byzacium
603 3004 682 3067 item
706 3025 744 3068 ex
768 3005 876 3068 modio
900 3005 991 3068 nasci
1017 3009 1159 3072 centum.

234 3177 437 3245 bpesticulam
482 3177 603 3231 elidiae
623 3176 765 3232 africanae
812 3184 845 3231 17
864 3177 987 3232 iactatur
1028 3185 1063 3232 26
1083 3181 1160 3247 qnod

144 3248 266 3318 1011111111]
286 3250 422 3315 quantum
486 3254 519 3302 29
539 3248 655 3317 aliquod
716 3254 749 3302 30
767 3249 873 3318 garada

235 3414 250 3461 5
270 3407 432 3462 resticulam
451 3424 498 3461 mv
607 3413 623 3461 9
643 3409 673 3461 01
690 3407 784 3476 lydiae
805 3410 833 3461 et
852 3407 992 3462 africanae
1011 3408 1161 3465 Iracundus

146 3486 178 3534 II
211 3479 330 3534 iaciatur
361 3479 496 3533 Gesaerue
621 3485 656 3533 26
687 3477 761 3547 quod
794 3481 906 3533 fantum
934 3478 1011 3533 valet
1042 3479 1161 3537 Ursinus

146 3556 181 3606 30
201 3550 312 3604 Gadara
330 3550 520 3620 Schocttpcaas
