2430 3952
135 214 176 277 7ss
547 209 732 265 vicaonis

133 381 242 423 rerum
261 358 456 423 rusticarum
476 355 620 421 omnium
639 355 791 440 palmam,
810 376 872 438 quo
893 354 1007 420 melius
1026 358 1150 441 potest,

133 447 228 512 dicet.
274 445 356 512 Cum
379 445 615 511 convertissent
637 444 670 508 in
695 465 768 507 eum
792 464 850 507 ora
872 464 993 523 omnes,
1022 442 1150 529 Scrofa,

133 535 254 621 Igitur,
285 535 406 620 inquit,
439 537 489 598 est
517 532 655 598 scientia
681 532 809 614 pecoris
839 532 978 615 parandi
1006 554 1044 597 ac
1072 555 1150 617 pas-

135 624 235 708 cendi,
263 627 301 688 ut
327 625 450 688 fructus
479 644 576 705 quam
603 621 732 704 possint
753 621 889 685 maximi
911 621 1085 704 capiantur
1108 642 1150 686 ex

135 735 181 796 eo,
207 736 225 777 a
249 713 365 796 quibus
387 713 460 794 ipsa
482 710 619 795 pecunia
640 710 811 775 nominata
833 712 897 774 est:
938 731 1015 775 nam
1039 710 1148 775 omnis
1175 729 1186 770 a

84 813 122 869 12
133 801 288 887 pecuniae
306 823 404 884 pecus
423 801 677 868 fundamentum.
717 822 755 865 ea
773 803 882 884 partes
900 799 1002 866 habet
1019 823 1149 887 novem,

24 947 34 961 ,
134 891 292 955 discretas
319 895 370 956 ter
397 893 526 975 ternas,
552 893 590 954 ut
618 890 661 954 sit
687 912 751 954 una
779 889 818 954 dc
848 890 1028 956 minoribus
1051 913 1149 976 pecu·

135 979 239 1058 dibus,
263 980 354 1044 cuius
378 1000 497 1064 genera
519 979 597 1057 tria,
626 1001 703 1044 oves
726 999 843 1061 caprae
867 1000 957 1065 sues,
980 981 1085 1045 altera
1108 980 1149 1045 de

134 1090 250 1153 pecore
273 1068 411 1152 maiore,
439 1068 559 1152 inquo
584 1071 661 1132 sunt
684 1068 763 1131 item
788 1068 827 1131 ad
850 1070 917 1133 tres
942 1069 1067 1152 species
1091 1090 1149 1134 na·

134 1160 207 1221 tura
240 1157 370 1222 discreti
401 1156 501 1221 boves
535 1157 618 1220 asini
650 1156 733 1240 equi.
787 1157 886 1221 tertia
917 1178 993 1240 pars
1025 1160 1079 1222 est
1113 1157 1148 1221 in
1162 1176 1187 1216 ro

134 1246 287 1329 pecuaria
305 1266 387 1330 quae
406 1266 473 1309 non
491 1249 658 1329 parantur,
676 1249 713 1308 ut
732 1267 770 1310 ex
789 1246 829 1309 iis
849 1246 995 1330 capiatur
1010 1246 1150 1329 fructus,

135 1334 191 1398 sed
214 1339 349 1417 propter
372 1356 443 1398 eam
467 1337 525 1399 aut
548 1356 588 1398 ex
607 1356 645 1398 ea
666 1337 751 1417 sunt,
773 1335 853 1397 muli
872 1355 968 1399 canes
988 1339 1149 1419 pastores.

134 1423 249 1487 harum
277 1445 342 1488 una
366 1445 510 1507 quaeque
539 1424 573 1486 in
597 1445 632 1487 se
655 1424 814 1508 generalis
837 1424 941 1506 partis
964 1423 1066 1487 habet
1088 1423 1149 1489 mi·

134 1512 259 1577 nimum
273 1534 427 1597 novenas,
446 1531 582 1597 quarum
596 1512 630 1576 in
649 1533 764 1595 pecore
783 1512 927 1595 parando
944 1512 1149 1577 necessariae

135 1603 296 1685 quattuor,
321 1601 444 1665 alterae
466 1602 501 1665 in
519 1601 682 1684 pascendo
701 1600 852 1684 totidem3
875 1603 1045 1684 practerea
1064 1622 1149 1666 com·
1163 1617 1186 1660 a

134 1690 242 1755 munis
265 1712 339 1754 una.
384 1690 432 1754 ita
455 1690 537 1754 finnt
560 1689 703 1754 omnium
725 1692 836 1772 partes
859 1689 1032 1753 minimum
1060 1693 1149 1754 octo·

84 1778 379 1863 ruginacum,
403 1781 435 1841 et
459 1778 589 1861 quidem
612 1778 813 1842 necessariae
836 1799 895 1843 nec
917 1799 1046 1863 parvae
1083 1778 1150 1861 pri·

135 1889 223 1931 mum
246 1871 283 1930 ut
305 1866 427 1931 bonum
445 1887 540 1949 pares
565 1887 672 1950 pecus,
696 1865 777 1930 scire
796 1870 934 1950 oportet,
957 1889 1022 1953 qua
1040 1869 1150 1931 aetate

134 1977 234 2019 unam
265 1975 424 2038 quamque
452 1955 606 2037 pecudem
633 1975 749 2037 parare
777 1955 961 2039 habereque
989 1955 1149 2039 expediat

134 2045 245 2125 itaque
275 2043 308 2106 in
339 2042 461 2107 bubulo
489 2063 604 2125 pecore
633 2043 768 2107 minoris
800 2043 919 2108 emitur
942 2043 1093 2108 annicula
1116 2046 1188 2108 etro

135 2153 233 2214 supra
252 2131 362 2195 decem
383 2152 551 2215 annorum,
570 2131 657 2214 quod
676 2154 696 2195 a
714 2131 804 2196 bima
823 2137 881 2197 aut
894 2133 992 2196 trima
1005 2132 1151 2198 fructum

135 2221 219 2285 ferre
242 2219 357 2303 incipit
378 2241 481 2304 neque
504 2220 634 2304 longius
657 2223 733 2304 post
756 2220 915 2285 decimum
934 2243 1056 2285 annum
1075 2242 1150 2305 pro·

86 2308 230 2376 14cedit
285 2331 362 2373 nam
393 2310 500 2393 prima
533 2313 622 2373 aetas
653 2309 758 2373 omnis
787 2310 913 2394 pecoris
943 2312 975 2374 et
1002 2313 1151 2375 extrema

137 2398 265 2464 sterilis.
317 2419 334 2462 e
362 2401 516 2482 quattuor
538 2398 655 2480 primis
682 2399 785 2461 altera
815 2419 892 2481 pars
925 2400 974 2462 est
1003 2399 1150 2482 cognitio

136 2488 260 2552 formae
278 2486 375 2550 unius
394 2487 548 2571 cuiusque
567 2486 707 2570 pecudis,
727 2486 831 2570 qualis
851 2486 903 2553 sit.
930 2488 1042 2570 magni
1061 2487 1150 2552 enim
1163 2503 1188 2546 ¹⁵

136 2577 281 2660 interest,
300 2576 391 2639 cuius
410 2574 498 2640 modi
518 2595 664 2659 quaeque
686 2575 730 2637 sit
744 2573 785 2638 ad
798 2575 951 2641 fructum.
978 2576 1025 2638 ita
1038 2576 1150 2658 potius

137 2664 253 2730 bovem
268 2666 380 2727 emunt
393 2662 547 2728 cornibus
561 2663 768 2746 nigrantibus
789 2685 885 2748 quam
905 2663 999 2749 albis,
1018 2685 1151 2747 capram

136 2755 279 2837 amplam
300 2773 397 2835 quam
415 2773 559 2837 parvam,
578 2773 651 2816 sues
670 2772 804 2834 procero
823 2774 967 2836 corpore,
987 2752 1152 2836 capitibus

227 2960 320 3015 adici
415 2960 548 3029 sinquid
645 2967 716 3015 lex
735 2962 781 3033 eo]
801 2977 870 3016 exea
970 2961 1150 3018 'ldescretas

137 3039 258 3102 8capra
277 3048 323 3085 sua
424 3037 455 3086 11
475 3033 591 3100 paratur
691 3037 724 3086 12
745 3033 821 3103 aunt]
841 3031 898 3086 sint
998 3033 1152 3088 lahorem

139 3110 171 3156 13
191 3101 351 3173 minimum]
374 3101 519 3156 bominum
538 3105 632 3174 priore
655 3105 712 3159 loco
785 3109 818 3159 18
842 3120 928 3157 unum
946 3103 1017 3158 scire
1037 3105 1153 3172 oportet

137 3191 194 3242 qua
212 3175 305 3228 aetate
324 3190 466 3242 quamque
561 3181 595 3229 2ο
615 3173 708 3230 emitis
726 3173 887 3228 anniculam
986 3181 1021 3228 24
1040 3173 1154 3229 staretis

137 3243 288 3315 reprimis
307 3261 358 3300 orn.
466 3251 500 3298 26
523 3245 565 3299 ita
588 3247 682 3316 potius
701 3245 807 3314 (itaque
825 3246 919 3315 potius
943 3245 976 3312 V,
994 3243 1037 3299 ita
1054 3243 1152 3314 potius

137 3317 203 3371 lteri
220 3333 305 3371 marra
322 3317 420 3385 scripti
437 3317 538 3384 omnes)

227 3501 243 3548 2
262 3493 338 3550 dicet
356 3494 516 3550 Pelicscrius
534 3495 611 3562 apud
631 3493 787 3549 Turbatam
804 3493 909 3549 adona
923 3497 951 3560 4,
969 3497 987 3547 6
1051 3497 1084 3546 11
1099 3507 1150 3561 pa·

137 3567 235 3621 rantur
251 3567 309 3621 cod.
330 3566 397 3620 Par.
472 3571 504 3619 13
523 3565 623 3619 barum
642 3566 791 3621 Iucunda&
