2430 3960
128 218 170 282 12
544 216 730 273 VARRONIS

126 363 209 427 Libo
237 361 392 446 Marcius,
419 363 564 446 praefect
565 384 603 426 us
626 363 799 427 fabrumt
785 367 872 446 tuos,
900 363 934 426 in
957 362 1056 427 fundo
1081 385 1139 427 suo

126 452 303 516 Faventiae
340 451 425 519 hane
460 453 529 515 mul
531 451 702 515 titudinem
736 451 864 516 dicebat
896 474 971 516 suas
1005 451 1139 515 reddere

99 542 222 609 8vites.
247 540 339 605 duo
329 562 364 604 ιιι
382 541 497 624 primis
517 544 680 623 spectasse
698 540 809 604 vident
795 544 848 604 tur
866 540 897 604 It
883 540 973 604 talici
990 539 1140 604 homines

126 631 162 694 ia
190 629 323 693 colendo
331 632 496 712 ,tpossen
497 650 538 692 ne
482 628 685 693 tfructus
711 651 770 711 pro
798 629 935 713 inpensa
964 651 1001 693 ao
1019 629 1139 693 ‚labore

127 717 232 781 redire
256 721 289 781 et
311 721 421 781 utrum
444 716 575 781 saluber
596 718 687 781 locus
711 719 797 782 esset
821 740 862 781 an
884 739 961 782 non.
1003 739 1140 800 quorum
1168 740 1181 778 s

128 807 156 870 si
181 807 375 870 alterutrum
399 806 526 869 decolat
545 809 578 869 et
595 805 699 870 nihilo
719 806 826 870 minus
846 807 918 889 quis
937 807 1009 869 vult
1027 807 1141 889 colere,

128 898 236 958 mente
269 898 320 958 est
351 898 465 976 captus
498 898 594 978 atque
628 893 668 957 ad
696 899 833 978 agnatos
863 899 896 957 et
923 895 1062 979 gentiles
1091 899 1142 959 est

55 1031 59 1038 ·
128 982 341 1048 deducendus.
386 1003 481 1046 nemo
511 984 595 1046 enim
619 1003 717 1046 sanus
741 983 837 1047 debet
859 983 942 1047 velle
968 983 1139 1068 inpensam

128 1094 166 1136 ac
189 1075 353 1155 sumptum
376 1071 481 1134 facere
505 1071 546 1134 in‘
562 1071 699 1156 cultura,
721 1071 750 1134 si
772 1071 862 1136 videt
884 1093 951 1136 non
974 1093 1070 1155 posse
1092 1092 1140 1135 re

127 1161 194 1243 fici,
221 1181 281 1224 nec
309 1160 337 1222 si
364 1163 474 1241 potest
500 1159 632 1223 reficere
659 1159 796 1243 fructus,
824 1161 852 1224 si
879 1161 968 1226 videt
991 1181 1046 1225 eos
1069 1161 1140 1224 fore
1156 1181 1181 1220 ιο

98 1254 164 1317 9ιιι
187 1247 376 1332 pestilentia
400 1248 594 1330 dispereant.
637 1248 701 1331 sed,
719 1249 850 1332 opinor,
874 1251 929 1332 qui
952 1250 1032 1313 haec
1055 1270 1142 1313 com-

127 1337 253 1401 modius
283 1337 453 1400 ostendere
482 1336 612 1419 possint
640 1336 765 1401 adsunt.
808 1351 892 1401 'nam
921 1336 956 1402 0.
980 1337 1140 1401 Licinium

128 1423 298 1497 Stolonem
331 1427 364 1488 et
395 1423 453 1490 On.
486 1424 682 1489 Tremelium
715 1423 861 1490 Scrofam
892 1424 985 1490 video
1017 1426 1140 1489 venire:

127 1535 240 1598 unum,
273 1513 363 1577 cuius
396 1513 536 1577 maiores
564 1513 603 1576 de
634 1513 731 1577 modo
760 1516 832 1597 agri
859 1515 1009 1616 legemt
995 1515 1141 1578 tulerunt

127 1603 218 1688 (nam
234 1601 387 1754 Stolonist
396 1602 454 1666 illa
463 1602 534 1703 lex,
553 1622 635 1684 quae
653 1604 744 1664 vetat
761 1603 835 1704 plus
853 1621 878 1666 D
893 1603 1006 1685 iugera
1020 1602 1139 1666 habere
1155 1621 1181 1662 ιι

127 1693 230 1756 civem
253 1687 387 1776 R.),te
354 1690 472 1774 equi
499 1693 596 1773 propt
598 1711 632 1752 er
660 1689 866 1774 diligentiam
894 1692 960 1756 cult
946 1695 1038 1756 turae
1068 1688 1140 1754 Sto-

127 1781 239 1844 lonum
272 1778 476 1843 confirmavit
462 1782 702 1862 tcognomen,
739 1780 825 1861 quod
861 1780 1014 1844 nullus
1004 1802 1039 1843 m
1071 1779 1140 1842 eius

127 1859 227 1932 fundo
256 1867 390 1949 reperiri
416 1869 590 1949 poterats
575 1868 673 1949 sole,
702 1867 788 1950 quod
816 1868 989 1933 effodiebat
1018 1868 1140 1932 circum

128 1957 259 2020 arbores
288 1976 305 2018 e
332 1954 495 2018 radicibus
533 1976 614 2038 quae
653 1917 864 2020 riascerentur
891 1979 907 2020 e
937 1958 1022 2040 sole,
1059 1977 1139 2039 quos

109 2103 111 2107 ι
128 2045 272 2109 tsoloncs
299 2043 519 2127 appellabant.
496 2042 711 2108 teiusdem
735 2048 814 2128 gent
814 2046 842 2109 is
800 2043 900 2110 to.
919 2044 1131 2127 Licinius,tr
1114 2065 1182 2109 nso

127 2134 170 2216 pl.
189 2154 261 2196 cum
281 2137 375 2216 esset,
393 2136 469 2214 post
486 2151 579 2215 reges
599 2136 729 2196 exactos
749 2134 842 2197 annis
862 2149 1000 2198 ccccxv
1016 2134 1139 2217 primus

127 2221 283 2305 populum
311 2219 352 2284 ad
384 2221 473 2304 leges
503 2219 705 2303 accipiendas
738 2221 772 2285 in
800 2225 925 2306 septem
952 2223 1065 2306 iugera
1092 2220 1140 2285 fo-

76 2310 236 2377 10rensia
259 2331 276 2372 e
300 2308 432 2373 comitio
461 2308 579 2373 eduxit.
626 2310 762 2375 alterum
786 2312 944 2394 collegam
968 2315 1071 2393 tuum,
1093 2311 1141 2373 vi-

128 2399 212 2481 ginti
240 2398 345 2461 virum
374 2396 429 2480 qui
455 2397 518 2461 fuit
545 2397 586 2461 ad
615 2419 711 2483 agros
735 2399 923 2464 dividendos
947 2396 1140 2480 Campanos,

127 2487 219 2551 video
239 2486 303 2551 huc
317 2486 436 2571 venire,
456 2485 512 2551 (ln.
528 2485 730 2557 Tremelium
741 2486 896 2570 Scrofam,
914 2486 1021 2550 virum
1036 2486 1139 2549 omni·
1155 2506 1183 2547 ιι

126 2576 187 2639 bus
211 2575 388 2639 virtutibus
411 2575 563 2657 politum,
589 2575 644 2658 qui
667 2576 705 2639 de
729 2576 800 2658 agri
824 2571 950 2639 cultura
972 2573 1139 2637 Romanus

127 2665 344 2746 peritissimus
366 2664 578 2727 existimatur.
610 2663 664 2726 An
678 2684 744 2726 non
758 2663 850 2727 iure?
873 2664 1014 2745 inquam.
1047 2662 1141 2726 fundi

127 2752 213 2815 enim
233 2752 302 2815 eius
321 2756 454 2834 propter
473 2751 633 2815 culturam
652 2751 839 2815 iucundiore
860 2751 1044 2833 spectaculo
1064 2753 1141 2814 sunt

117 2840 248 2922 multis,
272 2860 369 2922 quam
390 2840 480 2922 regie
499 2838 603 2922 polita
622 2839 767 2903 aedificia
786 2840 933 2922 aliorum,
952 2861 1025 2903 cum
1043 2839 1139 2903 huius

129 2932 311 3011 spectatum
334 2927 468 2990 veniant
490 2927 598 3012 villas,
621 2949 701 3010 non,
723 2930 761 2991 ut
784 2928 869 3011 apud
892 2928 1078 3010 Lucullum,
1103 2931 1139 2991 ut
1154 2947 1182 2987 co

127 3017 259 3080 videant
284 3015 529 3099 pinacothecas,
562 3015 618 3079 sed
646 3017 869 3101 oporothecas.
918 3016 1065 3099 huiusce,
1092 3016 1140 3079 in-

128 3127 238 3189 quam,
265 3105 406 3188 pomarii
433 3125 557 3168 summa
586 3126 678 3168 sacra
706 3105 771 3187 via,
798 3106 855 3170 ubi
877 3127 976 3189 poma
999 3107 1140 3169 veneunt

128 3197 242 3258 contra
265 3214 388 3274 aurum,
410 3193 530 3276 imago

219 3383 369 3438 lmartius
442 3383 507 3437 tin
525 3399 575 3438 cm.
650 3385 776 3452 ladque
795 3385 933 3456 adgnatos

126 3497 337 3505 ---.....——

217 3569 232 3615 7
251 3561 287 3615 ad
306 3563 424 3628 agnatos
437 3566 492 3616 cet
510 3562 568 3616 cod.
586 3559 654 3616 Por.
758 3627 763 3635 ⁴

331 3668 333 3673 '
567 3670 593 3713 ι
