2430 3952
146 173 190 282 i10
556 217 744 272 VARRONIS

146 384 227 447 goso
260 363 347 426 enim
380 361 460 426 haec
490 383 527 426 ιο
556 361 679 440 difficili
711 360 891 426 valentiora
922 361 1102 445 parandum
1131 365 1165 426 et

145 452 254 537 potius
283 473 321 514 ea
349 471 430 534 quac
455 472 511 533 per
535 472 569 515 se
592 451 734 515 fructum
761 451 894 514 reddere
921 451 1061 534 possint,
1089 471 1162 514 cum

145 541 231 604 idem
255 540 363 623 operis
387 539 521 603 faciant.

101 644 166 697 XXI
235 625 417 692 Canest
360 632 417 709 pot
419 628 469 692 ius
484 649 558 691 eum
573 627 677 712 dignit
680 630 783 691 atet
751 649 767 692 e
797 649 887 692 aeres
903 647 1024 710 paucos
1039 624 1162 690 haben

146 717 222 780 dum
252 738 347 799 quam
377 717 511 817 multos,
540 737 621 800 quos
652 716 871 781 consuefacias
901 716 1038 799 [potius]
1061 717 1196 779 noctus

146 805 283 889 vigilare
314 810 346 868 et
385 805 523 868 interdiu
557 805 682 868 clausos
715 805 865 870 dormire.
920 804 959 867 de
990 803 1161 868 indomitis

147 893 398 978 quadripedibus
423 915 460 957 ιο
489 914 604 975 pecore
627 893 824 957 faciendum:
853 893 882 956 si
909 897 1003 976 prata
1028 895 1104 955 sunt
1126 891 1162 955 in

145 982 246 1046 fundo
271 1003 375 1065 neque
399 1003 497 1064 pecus
516 980 625 1065 habet,
649 982 754 1045 danda
772 986 871 1066 opera
890 985 927 1044 ut
945 979 1065 1065 pabulo
1084 1001 1161 1044 ven·

146 1071 214 1134 dito
239 1070 380 1134 alienum
400 1091 498 1153 pecus
518 1071 552 1132 in
576 1091 633 1134 suo
657 1070 756 1134 fundo
779 1072 894 1155 pascat
917 1091 954 1134 ac
977 1067 1131 1134 stabulet.

91 1173 191 1227 XXII·
236 1158 287 1223 De
314 1159 439 1241 reliquo
462 1159 679 1223 instrumento
708 1164 812 1239 muto,
843 1159 877 1222 in
905 1180 967 1241 quo
992 1160 1069 1220 sunt
1091 1177 1197 1221 eor-ro

147 1248 255 1329 bulae,
280 1246 381 1331 dolia,
409 1247 455 1310 sic
479 1247 558 1328 alia,
583 1246 663 1311 haec
686 1246 921 1332 praecipienda.
966 1266 1048 1329 quae
1070 1245 1163 1310 nasei

146 1337 181 1398 in
204 1334 305 1398 fundo
329 1357 366 1398 ao
390 1335 461 1398 fieri
482 1358 502 1398 a
520 1335 704 1399 domesticis
723 1339 887 1418 poterunt,
909 1355 1021 1398 eorum
1039 1333 1162 1418 nequid

146 1428 287 1507 ematur,
315 1426 352 1486 ut
379 1423 445 1486 fere
474 1426 550 1488 sunt
577 1445 660 1506 quae
688 1445 726 1487 ex
759 1424 933 1488 viminibus
962 1426 995 1487 et
1023 1422 1163 1487 materia

145 1512 267 1576 rustica
295 1511 392 1593 fiunt,
420 1516 458 1576 ut
486 1513 613 1595 corbes,
642 1512 790 1590 fiscinae,
822 1511 955 1588 tribula,
988 1511 1079 1592 valli,
1109 1533 1163 1574 ra·

146 1601 246 1684 stelli3
275 1600 321 1665 sic
350 1622 431 1683 quae
453 1601 538 1665 fiunt
567 1600 605 1664 de
629 1601 780 1683 cannabi,
808 1602 884 1683 lino,
912 1600 1018 1681 iunco,
1040 1600 1198 1682 palmare

117 1690 267 1773 2scirpo,
295 1691 334 1753 ut
355 1689 457 1773 funes,
480 1693 596 1772 restes,
623 1693 758 1774 tegetes.
804 1711 886 1772 quae
910 1710 927 1752 e
950 1688 1051 1752 fundo
1075 1687 1163 1752 sumi

144 1799 211 1841 non
235 1781 396 1861 poterunt,
421 1799 459 1842 ea
482 1779 510 1842 si
535 1783 644 1860 empta
667 1781 761 1841 erunt
782 1779 893 1860 potius
918 1776 959 1840 ad
983 1775 1163 1840 utilitatem

145 1888 242 1949 quam
267 1866 308 1930 ob
332 1866 485 1950 speciem,
517 1870 624 1949 sumpt
627 1889 648 1929 u
610 1865 760 1930 ttfruc
746 1869 815 1930 tum
838 1888 904 1930 non
927 1868 980 1929 ext
966 1864 1163 1948 tenuabunt·

145 1974 183 2017 eo
207 1953 321 2037 magis,
349 1955 377 2017 si
399 1953 474 2016 inde
498 1958 608 2038 empta
631 1959 725 2018 erunt
747 1955 963 2038 potissimum,
986 1953 1043 2017 ubi
1067 1973 1106 2016 ea
1131 1957 1165 2018 et

145 2042 297 2105 bonaet
264 2041 476 2142 etproxime
510 2045 542 2106 et
574 2042 733 2106 vilissimo
766 2043 829 2106 emi
863 2045 1024 2143 poterunt
1070 2041 1198 2106 cuiusce

145 2130 352 2193 instrumenti
375 2130 466 2193 varia
485 2130 672 2194 discrimina
691 2152 727 2194 ιο
751 2130 834 2195 mult
835 2131 926 2194 itudo
946 2131 1017 2214 agri
1036 2130 1164 2213 magni·

145 2218 256 2281 tudine
280 2218 353 2282 finit
339 2222 405 2301 tur,
429 2219 514 2301 quod
536 2219 631 2302 plura
654 2241 735 2301 opus
759 2224 848 2302 sunt,
880 2220 908 2283 si
931 2218 1012 2282 fines
1036 2219 1165 2283 distant

116 2307 221 2371 3late.
258 2305 384 2390 Itaque,
404 2304 495 2371 Stolo
514 2308 628 2392 inquit,
646 2309 816 2391 proposita
830 2307 1055 2390 magnitudine
1069 2305 1165 2371 fundi

147 2396 185 2459 de
214 2417 250 2458 eo
284 2415 402 2478 genere
431 2393 511 2460 Cato
547 2396 674 2478 scribit,
708 2397 819 2460 oliveti
849 2397 962 2481 iugera
986 2412 1077 2460 ccxn
1106 2395 1165 2478 qui

146 2485 281 2566 coleret,
310 2506 382 2548 eum
410 2484 569 2549 instruere
600 2485 647 2548 ita
675 2488 837 2567 oportere,
871 2489 908 2548 ut
934 2483 1056 2548 faceret
1082 2501 1200 2548 vasam

147 2573 270 2636 olearia
292 2573 370 2656 iuga
394 2574 549 2656 quinque,
579 2594 661 2656 quac
684 2573 892 2637 membratim
915 2576 1096 2652 enumerat,
1126 2575 1165 2637 ut

147 2683 186 2724 ex
209 2682 282 2725 aere
307 2660 442 2745 ahenea,
465 2683 593 2741 urceos,
616 2661 846 2741 nassiternam,
869 2662 947 2724 item
970 2661 1051 2725 alia:
1074 2660 1122 2726 sio
1146 2683 1164 2726 ο

147 2749 237 2832 ligno
262 2751 295 2812 et
317 2750 413 2832 ferro,
437 2754 474 2813 ut
496 2750 622 2830 plostra
645 2749 770 2813 maiora
789 2749 862 2831 tria,
886 2752 996 2814 aratra
1014 2771 1086 2814 cum
1106 2770 1164 2814 vo·

63 2877 65 2879 >
146 2838 289 2901 meribus
318 2859 387 2920 sex,
416 2840 520 2902 crates
549 2838 759 2902 stercorarias
783 2842 956 2923 quattuor,
980 2839 1060 2902 item
1084 2836 1163 2903 alia:

148 2926 195 2990 sio
218 2926 257 2990 de
280 2925 485 2990 ferramentis
505 2947 587 3008 quae
611 2926 678 2989 sint
701 2930 817 3010 etqua
840 2949 921 3010 opus
945 2925 1203 3006 multitudinem

147 3018 184 3077 ut
208 3013 327 3078 ferreas
347 3017 431 3096 octo,
455 3014 583 3078 sarcula
605 3014 751 3097 totidem,
775 3015 909 3080 dimidio
928 3015 1035 3079 minus
1058 3014 1163 3098 palas,

116 3103 226 3166 ditem
250 3103 322 3167 alia.
368 3102 447 3166 item
471 3104 605 3166 alteram
635 3103 812 3168 formulam
839 3104 1047 3168 instrumenti
1069 3103 1165 3168 fundi

147 3191 264 3256 vinarii
287 3191 378 3272 fecit,
402 3191 436 3255 in
461 3212 524 3274 qua
548 3191 673 3270 scribit,
698 3192 725 3255 si
749 3191 792 3256 sit
815 3209 834 3257 o
857 3193 1015 3277 iugerum,
1039 3191 1164 3257 habere

237 3423 270 3471 14
288 3416 369 3487 ualli]
390 3415 471 3471 malli
555 3422 587 3472 15
608 3418 728 3473 cannabi
747 3417 858 3488 (canabi
876 3421 987 3490 opopr.)
1065 3418 1129 3474 23
1119 3437 1164 3475 ιιι-

147 3489 214 3556 quid
286 3493 319 3542 29
339 3505 427 3542 sexs.
447 3489 539 3542 crates
612 3495 646 3543 30
666 3488 741 3557 quod
759 3505 831 3559 opus
850 3488 1062 3544 multitudinem
