2430 3952
290 196 420 252 RERVM
434 195 671 252 RVSTICARVM
689 198 755 252 LIB.
771 198 796 251 Π
811 203 880 253 6-2
1027 198 1090 264 103

75 363 149 406 esse
172 363 243 405 cum
268 341 319 405 his
344 346 377 405 et
399 343 514 406 leniter
537 343 686 427 capistris
709 343 813 407 aliave
832 365 896 426 qua
914 365 948 406 re
967 344 1090 408 habent

74 431 213 495 vinctos.
257 431 354 494 tertio
379 452 462 494 anno
487 432 617 495 domare
640 432 800 514 incipiunt
824 432 863 495 ad
887 453 941 494 eas
964 453 1025 512 res,
1049 432 1089 495 ad

75 540 158 603 quas
183 519 317 602 quisque
342 541 397 583 eos
420 520 492 583 vult
515 520 634 584 habere
658 522 691 583 in
715 542 785 586 usu.
831 521 1024 602 relinquitur
1050 520 1118 584 de5

74 629 225 688 numero,
255 629 391 690 quorum
420 629 535 692 greges
563 631 629 672 non
658 630 734 672 sane
761 608 858 690 fiunt,
884 609 948 671 nisi
979 609 1088 672 exeis

47 697 134 780 eqni
158 717 257 760 onera
279 699 428 778 portant,
456 697 528 760 ideo
552 699 637 780 quod
661 697 805 780 plerique
829 697 1024 760 diducuntur
1048 697 1089 760 ad

74 784 180 850 molas
209 791 266 847 aut
290 786 330 848 cd
354 785 425 868 agri
449 786 622 869 culturam,
646 786 701 849 ubi
725 787 801 869 quid
825 785 1004 849 vehendum
1029 789 1088 868 est,

74 878 134 938 eut
157 873 254 936 etiam
279 874 319 937 ed
339 873 505 955 arandum,
528 875 585 938 ubi
604 874 684 938 levis
704 879 754 938 est
771 877 866 950 terra,
889 874 976 937 utin
995 872 1088 938 Cam·

74 961 183 1045 pania.
229 982 345 1046 greges
373 962 457 1024 fiunt
484 962 550 1026 fere
574 966 804 1044 mercatorum,
831 966 868 1026 ut
898 984 1009 1026 eorum
1033 963 1088 1044 qui

74 1071 93 1113 e
117 1049 314 1115 Brundisino
338 1055 395 1114 aut
418 1051 538 1133 Apulia
562 1052 672 1115 asellis
697 1051 874 1115 dossuariis
896 1053 1089 1133 conportent

33 1158 59 1198 ro
74 1139 380 1291 ad'dmaalr'etOIeum
414 1143 470 1202 aut
498 1141 608 1203 vinum
636 1140 778 1222 itemque
805 1140 1002 1203 frumentum
1032 1141 1088 1202 aut

74 1249 132 1311 qm
212 1250 270 1290 ru.

164 1315 333 1398 Lucienus,
348 1314 420 1398 Ego
436 1335 562 1399 quoqne
582 1316 752 1380 adveniens
773 1317 916 1400 aperiam
936 1329 1142 1398 carceres,VII

72 1403 191 1488 inquit,
218 1407 252 1467 et
279 1425 378 1487 equos
402 1403 549 1466 emittere
572 1402 735 1487 incipiam,
763 1426 821 1468 nec
846 1404 950 1468 solum
973 1426 1089 1487 mares,
1195 1466 1197 1470 .

74 1513 157 1575 quos
184 1492 393 1556 admissarios
417 1492 531 1574 habco,
554 1497 591 1555 ut
614 1492 752 1569 Atticus,
776 1493 922 1575 singulos
946 1492 979 1554 in
1000 1492 1089 1556 femi·

32 1599 58 1640 15
71 1602 133 1644 nas
158 1581 265 1644 denas.
313 1602 329 1644 e
353 1580 425 1663 quis
448 1580 584 1643 feminas
610 1581 645 1656 Q.
669 1579 796 1645 Modius
820 1580 1016 1663 Equiculus,
1039 1581 1089 1644 vir

72 1668 287 1751 fortissimus,
319 1669 417 1732 etiam
440 1672 532 1752 patre
556 1668 699 1752 militari,
729 1669 819 1733 iuxta
842 1691 879 1733 ac
902 1690 1008 1732 mares
1031 1669 1088 1731 ha·

71 1759 149 1822 bere
172 1758 306 1823 solebat.
343 1758 460 1821 horum
480 1779 635 1840 equorum
659 1762 691 1820 et
714 1779 869 1841 equarum
893 1777 1007 1841 greges
1032 1757 1089 1840 qui

71 1846 193 1910 habere
217 1846 340 1928 volunt,
365 1851 400 1909 ut
422 1846 545 1910 habent
568 1847 670 1930 aliqui
692 1847 726 1909 in
748 1846 973 1928 Peloponneso
998 1845 1088 1910 etin

72 1935 204 2018 Apulia,
227 1936 368 2017 primum
392 1939 539 2016 spectare
561 1940 690 2017 oportet
709 1940 857 2017 aetatem,
881 1956 978 2017 quam
996 1956 1087 2016 prae·

32 2037 58 2076 2⁰
73 2023 198 2107 cipiunt
220 2024 274 2087 sic.
315 2022 461 2087 videmus
485 2045 524 2086 ne
548 2022 613 2086 sint
637 2023 777 2088 mino-res
801 2025 925 2106 trimae,
948 2023 1088 2087 maiores

72 2112 184 2177 decem
217 2132 384 2175 annorum.
444 2116 533 2175 aetas
567 2114 773 2196 cognoscitur
808 2119 840 2176 et
872 2133 1028 2195 equorum
1061 2116 1117 2175 et2

70 2201 140 2266 fere
164 2201 309 2265 omnium
338 2200 393 2283 qui
420 2201 560 2286 ungulas
590 2201 747 2265 indivisas
778 2200 900 2264 habent
928 2205 960 2263 et
990 2200 1087 2263 etiam

72 2292 291 2372 cornutorum,
325 2288 410 2372 quod
443 2310 543 2372 equus
576 2289 713 2371 triginta
747 2288 914 2352 mensibus
946 2287 1088 2371 primum

71 2378 187 2442 dentes
208 2377 330 2441 medios
352 2378 471 2441 dicitur
485 2377 644 2458 amittere,
663 2377 726 2442 duo
742 2377 933 2460 superiores,
952 2376 1088 2439 totidem

31 2479 58 2518 ²⁵
71 2467 252 2531 inferiores.
298 2465 487 2548 incipientes
517 2471 667 2548 quartum
696 2486 792 2549 agere
825 2486 944 2528 annum
974 2463 1087 2527 itidem

71 2555 194 2620 eiciunt
218 2558 250 2618 et
272 2554 409 2618 totidem
432 2555 552 2618 eiciunt
574 2577 749 2637 proxumos
774 2575 884 2617 eorum
909 2573 988 2634 quos
1008 2552 1087 2615 ami·

72 2647 201 2726 serunt,
229 2646 261 2706 et
289 2643 449 2726 incipiunt
471 2642 575 2725 nasei,
603 2665 683 2726 quos
714 2645 832 2706 vocant
856 2640 1087 2705 columellares.

71 2733 188 2817 quinto
227 2752 311 2794 anno
344 2732 519 2813 incipiente
550 2732 627 2794 item
661 2732 773 2795 eodem
808 2730 904 2794 modo
939 2729 1117 2794 amitterc3

163 2905 253 2959 4nisi
272 2922 305 2958 ex
323 2904 376 2974 eis]
396 2903 497 2957 niestei
586 2905 735 2973 oportent
826 2904 999 2958 deducuntur
1017 2902 1087 2969 Por,

72 2976 244 3044 diducuntur
267 2976 393 3045 plurima
421 2976 582 3043 apoprapha
673 2974 778 3029 'lleuis
802 2974 904 3042 (leuius
928 2974 1088 3042 apographa

40 3068 43 3075 ¹
70 3049 233 3103 recentiorat
343 3045 541 3114 9bryndisino
641 3046 821 3114 comportant
918 3051 949 3098 12
969 3043 1088 3097 lucinius

73 3125 106 3173 13
134 3117 235 3185 inquid
348 3122 381 3170 15
410 3115 584 3184 feminasque
612 3116 721 3172 modius
749 3117 840 3170 mendi
866 3122 933 3170 notu
961 3116 1088 3185 adposita

70 3195 106 3245 ,13
126 3188 279 3244 uoluerunt
358 3194 393 3241 20
413 3185 453 3240 sic
472 3203 521 3242 om.
601 3194 634 3241 21
655 3191 683 3241 et
702 3203 836 3254 equorum
854 3187 912 3240 fere
985 3192 1021 3239 24
1039 3187 1087 3239 ad-

71 3258 186 3314 mittere
205 3259 346 3327 (amittere
370 3257 407 3326 V)
494 3263 527 3311 28
548 3257 725 3312 admitterem
740 3256 829 3311 bimas
849 3272 1015 3311 cumeanus

163 3404 179 3454 5
198 3401 314 3469 portant
331 3417 357 3452 m
422 3405 437 3453 9
458 3401 636 3468 comportant
653 3401 710 3454 cod.
733 3399 800 3453 Por.
866 3403 898 3450 12
918 3397 1087 3451 Lucienusc

72 3471 291 3597 {preQbiqlpsdips
311 3470 449 3524 Victorius
504 3477 536 3524 21
557 3471 586 3524 et
605 3486 740 3538 equorum
759 3471 788 3523 et
806 3469 895 3523 feteo
951 3472 985 3522 28
1006 3466 1087 3520 amit·
