2430 3952
156 217 199 283 30
566 215 751 271 vnnaours

157 385 253 447 quam
277 384 388 428 recens
412 363 496 446 quod
520 362 700 427 confracuit
723 361 848 426 melius.
885 383 944 426 nec
967 383 1033 426 non
1056 362 1171 427 sterci-

155 452 259 516 linum
283 452 398 515 melius
421 451 511 534 illud,
534 453 623 516 cuius
648 452 750 515 latera
774 454 807 513 et
828 471 990 514 summum
1009 451 1113 534 virgis
1134 473 1171 517 ac

155 540 268 604 fronde
306 540 502 604 vindicatum
527 562 546 603 a
570 539 647 604 sole.
699 561 765 603 non
798 540 883 602 enim
916 560 1041 617 sucum,
1074 561 1172 622 quem

156 629 284 714 quaerit
306 633 402 709 terra,
425 628 528 693 solem
553 632 628 692 ante
652 649 788 712 exugere
812 630 907 710 oport
927 631 950 690 t.
987 628 1097 710 itaque
1115 649 1171 711 pe·

155 718 219 800 riti,
242 719 298 800 qui
321 721 468 801 possunt,
491 720 584 781 uteo
604 739 688 800 aqua
705 717 820 780 influat
839 737 875 779 eo
895 716 1025 780 nomine
1044 716 1172 782 faciunt
1191 732 1202 777 s

157 803 217 892 (sic
245 807 331 869 enim
359 807 499 870 maxime
526 805 683 869 retinetur
709 805 831 887 sucus),
854 805 886 867 in
911 826 1012 889 eoque
1036 804 1172 888 quidam

126 895 253 959 5sellas
277 894 487 959 familiaricas
515 897 650 976 ponunt.
695 893 875 958 aedificium
899 892 1004 978 facere
1029 898 1173 977 oportet,

156 984 214 1047 sub
239 984 324 1066 quod
342 988 466 1047 tectum
489 985 592 1048 totam
616 981 706 1045 fundi
725 982 869 1046 subicere
893 982 1001 1063 possis
1021 1003 1173 1063 messem,

154 1072 239 1154 quod
263 1075 380 1135 vocant
403 1070 535 1154 quidam
557 1070 764 1141 nubilarium.
808 1069 842 1133 id
864 1070 1038 1134 secundum
1058 1092 1172 1136 aream
1209 1086 1211 1121 Ι

154 1159 349 1242 faciendum,
380 1160 438 1224 ubi
464 1160 601 1223 triturus
630 1160 674 1223 sis
702 1158 917 1240 frumentum,
944 1159 1173 1243 magnitudine
1184 1166 1211 1221 ul

154 1270 213 1330 pro
238 1247 335 1312 modo
358 1247 459 1329 fundi,
484 1270 521 1312 ex
545 1270 609 1311 una
632 1248 719 1330 parti
739 1251 897 1331 apertum,
921 1250 953 1310 et
971 1247 1004 1311 id
1022 1247 1063 1311 ab
1085 1269 1173 1333 area,

155 1357 217 1419 quo
243 1340 275 1400 et
297 1337 331 1399 in
354 1337 505 1400 trituram
529 1357 683 1420 proruere
706 1336 800 1400 facile
823 1335 930 1418 possis
954 1339 995 1419 et,
1023 1337 1051 1399 si
1074 1337 1173 1402 nubi·

153 1425 220 1488 lare
244 1425 359 1507 eoepit,
382 1424 456 1488 inde
480 1428 517 1488 ut
538 1447 650 1489 rursus
674 1424 820 1488 celeriter
841 1424 969 1488 reicere.
1006 1424 1172 1490 fenestras

153 1513 272 1577 habere
301 1518 430 1596 oportet
453 1536 491 1579 ex
515 1513 677 1596 caparti,
703 1513 787 1576 unde
811 1511 1072 1577 commodissime
1096 1535 1172 1598 per·

123 1601 224 1666 ssfiari
246 1602 359 1685 possit.
405 1602 601 1682 Fundanius,
625 1601 846 1682 Fructuosior,
869 1601 984 1683 inquit,
1008 1604 1058 1664 est
1080 1606 1170 1667 certe
1181 1618 1211 1679 n,

153 1690 272 1755 fundus
296 1694 430 1774 propter
453 1690 611 1771 aedificia,
641 1690 670 1754 si
692 1689 801 1771 potius
826 1689 866 1752 ad
890 1689 1071 1754 anticorum
1096 1691 1171 1756 dili-

153 1781 297 1862 gentiam
321 1802 419 1863 quam
443 1780 483 1843 ad
505 1780 622 1844 borum
645 1779 805 1842 luxuriam
824 1777 951 1862 derigas
971 1777 1171 1845 aedificatio·

152 1888 235 1932 nem.
280 1867 329 1931 illi
362 1869 447 1931 enim
480 1867 644 1932 faciebant
676 1867 716 1930 ad
748 1866 888 1929 fructum
921 1868 1097 1952 rationem,
1134 1869 1171 1933 hi

151 1955 276 2019 faciunt
304 1955 344 2019 ad
373 1954 522 2020 libidines
550 1955 732 2019 indomitas.
779 1955 889 2038 itaque
911 1955 1043 2020 illorum
1066 1956 1171 2022 villae

151 2045 291 2107 rusticae
315 2046 408 2107 erant
431 2045 564 2108 maioris
585 2044 670 2126 preti
688 2065 785 2126 quam
803 2045 956 2128 urbanae,
980 2065 1061 2127 quae
1079 2064 1204 2112 nunes

152 2136 227 2195 sunt
249 2132 403 2216 pleraque
428 2139 549 2197 contra.
595 2133 663 2196 illic
686 2132 880 2196 laudabatur
902 2133 988 2215 villa,
1016 2133 1046 2196 si
1069 2132 1171 2199 habe·

150 2221 208 2284 bat
231 2220 371 2284 culinam
395 2222 549 2285 rusticam
574 2221 707 2302 bonam,
731 2221 896 2305 praesepis
920 2221 1025 2303 laxas,
1053 2223 1170 2286 cellam

151 2309 310 2372 vinariam
334 2312 367 2373 et
390 2310 544 2374 oleariam
568 2310 608 2374 ad
637 2310 768 2374 modum
793 2311 864 2392 agri
888 2312 999 2390 aptam
1023 2314 1056 2373 et
1077 2312 1171 2393 pavi·

151 2402 260 2461 mento
288 2399 426 2482 proclivi
453 2399 487 2463 in
516 2400 636 2480 lacum,
665 2397 750 2482 quod
779 2419 888 2480 saepe,
919 2398 975 2462 ubi
998 2399 1169 2464 conditum

149 2509 270 2550 novum
289 2488 409 2570 vinum,
432 2509 526 2553 orcae
544 2487 579 2551 in
598 2487 758 2570 Hispania
776 2485 903 2551 fervore
928 2487 1027 2550 musti
1050 2491 1204 2571 ruptaess.

150 2597 254 2658 neque
282 2598 348 2640 non
373 2577 466 2641 dolea
493 2577 527 2639 in
550 2576 655 2640 Italia.
702 2575 781 2639 item
804 2579 913 2638 cetera
938 2577 975 2638 ut
999 2580 1110 2640 essent
1133 2577 1169 2642 in

151 2665 228 2727 villa
241 2663 375 2728 huiusce
390 2664 486 2746 modi,
505 2686 586 2748 quae
601 2664 728 2728 cultura
747 2668 923 2747 quaereret,
942 2664 1169 2747 providebant

122 2761 139 2817 7
150 2773 236 2815 nunc
260 2756 374 2816 contra
396 2753 508 2816 villam
532 2753 690 2815 urbanam
714 2773 812 2836 quam
834 2753 1007 2816 maximam
1026 2773 1064 2816 ac
1082 2754 1168 2836 poli·

151 2840 311 2904 tissimum
342 2840 487 2905 habeant
519 2841 597 2904 dant
630 2862 761 2924 operam
795 2861 832 2904 ac
864 2861 937 2903 cum
970 2840 1095 2905 Metelli
1129 2864 1169 2908 ac

240 3031 417 3086 lconfacuit
505 3033 650 3102 tpossint
741 3037 773 3085 12
792 3031 822 3085 in
840 3031 943 3085 tritura
1038 3038 1072 3086 16
1091 3033 1211 3107 tenti·¹

150 3119 267 3170 quorum
287 3104 453 3172 (anticorum
468 3105 524 3159 cod.
539 3104 619 3171 Por.)
676 3109 708 3157 18
727 3103 850 3157 fructum
868 3103 1022 3172 (fructuum
1037 3104 1167 3170 plurimu
1205 3112 1211 3127 ¹

149 3176 321 3244 upoprupbu)
393 3174 437 3245 hi]
458 3176 502 3228 hic
566 3180 600 3230 20
619 3174 704 3243 pretii
757 3179 791 3228 22
811 3175 964 3243 praesepiis
1019 3179 1054 3227 24
1072 3175 1164 3247 quod]

150 3247 220 3312 quot
290 3251 325 3300 25
344 3244 374 3298 in
392 3245 550 3315 hispaniam
622 3252 656 3300 27
676 3247 793 3314 quaeret
863 3251 896 3298 29
917 3243 1026 3298 metalli

240 3430 253 3476 1
274 3421 431 3477 confracuit
449 3421 571 3493 Scaliper
670 3427 686 3476 5
705 3423 822 3491 possunt
841 3422 988 3476 Iucundos
1080 3427 1113 3475 12
1134 3423 1166 3478 in

149 3493 280 3548 trituram
299 3511 316 3548 u
389 3499 422 3548 18
441 3494 471 3547 hi
489 3495 630 3547 faciuntu
686 3498 720 3547 25
739 3494 768 3546 in
786 3492 956 3562 Hispaniae
1024 3498 1057 3546 27
1077 3509 1165 3561 quae·

149 3567 223 3619 reret
241 3566 390 3620 Iucundos
463 3571 496 3620 29
516 3564 625 3619 metelli
643 3566 700 3620 cod.
722 3565 789 3620 Pur.
1107 3601 1111 3605 -
