2430 3952
110 201 174 266 124
516 197 704 252 vnsaorus

112 346 214 411 Axius
238 343 347 429 Appio
372 344 553 428 subridens,
573 341 704 426 Recipis
727 363 801 423 nos,
829 342 949 425 inquit,
975 341 1010 406 in
1033 343 1127 405 tuum

79 435 294 516 3ornithona,
312 433 369 498 ubi
388 433 480 497 sedes
498 433 584 496 inter
603 431 704 496 aves?
728 429 798 514 Ille,
816 429 889 514 Ego
907 452 992 513 vero,
1010 429 1130 514 inquit,

107 527 139 588 te
154 523 356 607 praesertim,
377 522 492 606 quoius
508 542 583 585 aves
598 519 779 603 hospitales
794 518 893 583 otiam
907 539 993 583 nunc
1007 521 1130 601 ructor,

108 633 187 695 quas
211 611 291 676 mihi
315 610 495 693 adposuisti
519 609 630 692 paucis
655 611 729 672 ante
754 607 866 672 diebus
890 607 926 671 in
944 607 1024 671 villa
1042 605 1126 671 Rea

107 702 179 764 tina
198 699 239 764 ad
257 700 364 764 lacum
380 697 534 762 Velinum
553 697 643 762 eunti
662 696 700 760 de
720 696 950 761 controversiis
968 694 1129 760 interam·
1156 715 1170 757 a

107 788 234 853 natium
265 792 297 852 et
323 787 546 852 Reatinorum.
593 786 650 850 scd
676 806 742 849 non
769 784 863 867 haec,
890 783 1011 868 inquit,
1039 782 1129 868 villa,

109 899 207 961 quam
228 878 352 960 [quam]
374 876 584 940 aedificarunt
607 874 745 937 maiores
768 872 883 953 nostri,
905 872 1067 958 frugalior
1091 894 1129 938 ac

78 966 224 1029 4melior
239 968 288 1029 est
302 986 398 1048 quam
413 969 471 1028 tua
490 963 547 1027 illa
565 962 726 1046 perpolita
745 962 780 1024 in
797 960 960 1026 Reatino?
983 960 1130 1026 nuncubi

108 1054 162 1119 hic
184 1053 275 1118 vides
306 1053 423 1117 citrum
451 1055 508 1116 aut
536 1050 672 1115 aurum?
718 1071 796 1114 num
825 1049 961 1113 minium
990 1052 1048 1114 aut
1078 1070 1129 1113 ar·

109 1141 275 1206 menium?
298 1162 376 1205 num
401 1140 485 1222 quod
510 1140 670 1203 emblema
694 1140 750 1202 aut
769 1138 1020 1202 lithostrotum?
1043 1159 1128 1223 quae
1143 1159 1170 1200 ro

109 1231 177 1294 illio
204 1229 314 1295 omnia
342 1233 455 1294 contra
487 1229 640 1308 [aurum].
687 1231 719 1290 et
752 1248 825 1291 cum
857 1226 939 1291 haec
970 1227 1014 1291 sit
1040 1248 1127 1292 com·

110 1318 217 1381 munis
241 1317 385 1382 universi
407 1317 529 1401 populi,
552 1316 609 1380 illa
633 1315 735 1379 solius
759 1318 830 1398 tua3
867 1314 946 1379 haec
971 1335 1034 1397 quo
1058 1336 1130 1380 suc-

111 1405 226 1471 cedant
258 1428 275 1470 e
308 1427 422 1490 campo
456 1406 542 1470 cives
575 1407 608 1468 ot
635 1404 751 1489 reliqui
781 1402 940 1488 homines,
971 1403 1030 1467 illa
1063 1425 1129 1488 quo

111 1515 211 1578 equae
236 1498 269 1559 et
291 1495 389 1575 asini3
427 1498 596 1579 praeterea
624 1514 696 1557 cum
727 1491 859 1555 adrem
882 1491 1049 1574 publicam
1074 1492 1130 1556 ad-

93 1583 360 1648 ministrandam
379 1584 459 1647 haec
479 1583 523 1646 sit
540 1581 641 1664 utilis,
664 1581 721 1644 ubi
740 1580 889 1644 cohortes
914 1579 953 1644 ad
973 1580 1129 1646 dilectum
1145 1605 1170 1646 u

112 1672 237 1736 consuli
265 1671 422 1736 adductae
450 1670 634 1752 considant,
661 1668 718 1733 ubi
746 1690 837 1732 arma
861 1670 1043 1752 ostendant,
1073 1670 1132 1734 ubi

83 1769 263 1825 incensores
287 1782 384 1824 censu
407 1759 584 1824 admittant
606 1757 772 1842 populum.
819 1756 891 1821 Tuo
914 1757 1054 1840 scilicet,
1081 1757 1131 1821 in-

113 1850 184 1932 quit
206 1848 324 1931 Axius,
351 1848 431 1912 haec
454 1848 488 1911 in
517 1868 633 1926 campo
656 1845 776 1910 Martio
806 1848 950 1910 extremo
981 1845 1073 1910 utilis
1098 1849 1132 1910 et

111 1958 178 2001 non
210 1937 333 2000 deliciis
366 1936 587 2018 sumptuosior
620 1955 716 2017 quam
745 1954 856 1998 omnes
885 1927 1046 1999 omnium*
1059 1935 1130 2000 uni·

112 2046 223 2089 versae
246 2023 426 2088 Reatinae?
462 2026 520 2087 tua
549 2024 636 2086 enim
664 2022 766 2086 oblita
794 2022 915 2087 tabulis
944 2022 1042 2107 pictis
1070 2045 1131 2088 nec
1145 2045 1170 2086 ro

112 2113 219 2176 minus
244 2112 361 2197 signis5
398 2115 433 2176 at
456 2133 544 2195 mea,
572 2111 748 2195 vestigium
770 2111 827 2174 ubi
851 2111 894 2175 sit
916 2112 1043 2175 nullum
1064 2110 1132 2196 Ly-

113 2201 199 2284 sippi
224 2204 281 2265 aut
304 2200 479 2286 Antiphili,
501 2204 536 2264 at
558 2200 672 2264 crebra
696 2199 830 2263 sartoris
855 2202 888 2263 et
909 2200 1062 2283 pastoris.
1097 2204 1132 2264 'et

113 2311 185 2354 cum
204 2289 261 2352 illa
279 2311 346 2353 non
364 2291 408 2353 sit
427 2289 496 2353 sino
514 2288 616 2354 fundo
635 2306 757 2371 magno
776 2291 809 2351 et
824 2309 861 2352 eo
876 2288 981 2372 polito
996 2287 1132 2369 cultura,

112 2381 170 2442 tua
197 2377 262 2442 ista
289 2399 393 2463 neque
424 2398 538 2462 agrum
568 2377 668 2440 habet
697 2376 800 2440 ullum
831 2397 891 2441 nec
922 2377 1039 2441 bovem
1071 2397 1131 2442 nec

83 2476 238 2550 tequam.
285 2466 421 2550 deniquo
451 2466 527 2550 quid
554 2469 612 2530 tua
639 2464 739 2529 habet
767 2464 874 2528 simile
908 2465 1003 2529 villae
1033 2465 1131 2548 illius,
1145 2485 1170 2528 u

122 2735 125 2745 .
202 2693 339 2747 lauxius
411 2691 511 2762 inquid
533 2697 647 2761 utroque
674 2693 731 2748 loco
809 2692 953 2760 3quouis
977 2693 1068 2763 (cuius
1098 2694 1130 2763 V,

112 2763 212 2830 quouis
228 2764 353 2830 plurima
371 2767 477 2834 apoyr.)
524 2768 539 2817 5
559 2762 648 2818 uelini
692 2763 752 2817 inte
772 2763 928 2818 amnatium
946 2763 1131 2834 (interamna-

110 2834 181 2887 tium
206 2833 247 2901 V)
307 2834 413 2888 ouilia
472 2834 674 2902 9armenium]
693 2833 872 2888 harmoniam
934 2840 967 2889 13
986 2833 1130 2906 homines]

112 2920 208 2958 omnes
283 2910 316 2957 14
344 2908 372 2959 et
401 2905 455 2958 sini
482 2906 522 2972 (et
544 2905 616 2958 asini
649 2905 690 2972 V)
765 2910 797 2958 17
827 2907 878 2960 tua
900 2903 998 2974 inquid
1021 2905 1132 2962 scilicet

111 2973 209 3028 auxius
283 2981 316 3029 19
345 2976 451 3046 omnes]
484 2977 574 3029 omnis
646 2981 681 3029 20
704 2977 765 3029 tum
794 2976 869 3030 enim
896 2976 1001 3031 oblitae
1023 2977 1130 3032 tabulis

111 3051 144 3099 21
165 3044 202 3098 ad
221 3061 284 3099 mea
303 3046 343 3114 (at
361 3048 391 3101 in
410 3063 444 3101 ea
467 3047 504 3112 V)
577 3052 611 3100 22
636 3047 685 3099 aut
708 3048 773 3101 ante
799 3045 879 3114 philu
898 3049 928 3101 et
946 3048 1045 3102 crebra
1062 3053 1132 3103 uoto

110 3117 202 3171 muudi
220 3118 349 3184 adpositu
420 3122 453 3171 23
478 3134 541 3171 cum
559 3115 610 3171 illu
633 3118 757 3186 (cumin
776 3115 826 3170 illa
848 3116 880 3182 V,
900 3134 963 3171 oum
980 3118 1052 3172 uilla
1070 3120 1129 3174 cod.

112 3188 192 3255 Pau,
212 3203 274 3241 cum
293 3186 343 3241 illa
361 3189 523 3258 upopruplru
538 3189 700 3256 recentiora)
773 3191 808 3240 24
827 3187 933 3243 habeat
950 3187 1039 3243 ullum

202 3406 215 3453 1
235 3399 324 3453 Axius
342 3417 389 3454 uo
463 3407 478 3454 6
497 3399 568 3454 uilla
587 3401 645 3454 cod.
666 3401 734 3456 Par.
809 3404 824 3452 7
844 3415 929 3467 quam
945 3399 1132 3456 aedificarunt

116 3471 233 3527 Ursinus
305 3478 321 3526 9
341 3470 496 3525 armenium
515 3472 664 3526 Iucundos
737 3475 769 3524 11
792 3487 890 3525 aurum
909 3471 1006 3527 delevit
1023 3472 1129 3528 Iucun-

111 3543 163 3596 dus
237 3545 270 3594 18
289 3540 375 3596 Axius
394 3559 409 3596 v
482 3547 517 3595 24
537 3557 635 3610 agrum
654 3542 741 3597 habet
759 3541 907 3600 Iucuudue
