2430 3952
484 211 691 268 PRAEFATIO
1052 212 1104 266 VII

87 361 170 425 tiani
191 363 223 423 et
243 358 383 423 editione
403 357 539 422 Victorii
559 358 593 421 in
612 361 719 420 vetere
739 356 846 420 codiee
867 358 988 441 scripta
1003 358 1103 422 fuisse

88 449 170 512 mibi
200 449 380 531 apparebat
405 469 572 531 ponerem,
619 448 675 509 ubi
704 467 785 528 opus
813 466 885 509 esse
911 449 1017 511 visum
1046 451 1104 529 est,

88 539 316 602 dissentientes
337 536 488 600 Politiani
507 542 539 600 et
559 535 820 619 apographorum
839 535 994 599 lectiones
1015 537 1104 601 uncis

87 627 229 691 inclusas
259 625 367 689 addidi
396 627 461 707 vel,
489 625 546 688 ubi
570 625 677 687 miuus
702 627 826 686 certum
849 624 1003 688 iudicium
1027 630 1105 710 erat,

88 722 259 798 utramque
287 714 460 784 lectionem
489 714 579 777 iuxta
606 713 710 796 posui.
752 714 786 774 in
814 734 877 794 quo
907 735 943 776 ea
973 735 1054 797 quae
1086 736 1105 778 a

88 804 253 868 Politiano
281 804 315 866 in
343 803 488 886 principe
517 802 658 866 editione
686 805 814 864 mutata
841 823 907 864 non
936 808 1029 865 erant
1054 803 1106 867 ad-

89 893 212 974 scripta
242 893 270 956 V
301 892 423 972 littera,
458 913 539 976 quae
572 913 610 954 ex
644 890 752 954 codice
783 889 996 954 adnotaverat
1028 897 1106 956 uota

88 982 230 1045 nominis
254 981 321 1045 Pol.
344 980 533 1064 significavi.
580 1001 777 1063 quamquam
800 1001 903 1061 neque
927 980 1045 1064 omnia,
1071 982 1105 1045 in

91 1071 208 1154 quibus
238 1093 258 1133 a
282 1069 445 1132 Politiano
474 1069 663 1132 testimonia
692 1068 952 1151 apographorum
983 1069 1106 1133 dissen-

88 1159 229 1239 tiebant,
262 1159 431 1241 adnotavi,
465 1158 521 1221 sed
551 1158 667 1235 multa,
701 1157 734 1218 in
764 1157 881 1239 quibus
915 1157 1105 1222 manifestus

89 1252 161 1312 erat
184 1247 339 1310 Politiani
363 1247 414 1310 vel
443 1247 649 1310 librariorum
674 1267 781 1322 error,
813 1246 922 1327 omisi,
946 1267 1048 1330 neque
1071 1248 1105 1312 in

90 1337 151 1419 his,
174 1336 209 1399 in
234 1336 351 1418 quibus
374 1341 544 1418 utramque
570 1336 741 1398 lectionem
761 1335 864 1417 posui,
888 1356 1013 1419 causae,
1037 1336 1106 1419 qui-

90 1426 151 1489 bus
180 1428 361 1488 commotus
391 1424 540 1488 alterutri
568 1423 755 1487 testimonio
783 1422 938 1486 maiorem
969 1425 1106 1488 auctori-

92 1516 194 1576 tatem
217 1514 395 1595 tribuerim,
418 1512 555 1576 indicari
578 1515 762 1595 potuerunt.

180 1600 428 1665 Emendationis
453 1602 560 1665 studia
588 1600 814 1684 antiquissima
844 1600 878 1662 in
902 1599 1050 1664 Parisino
1075 1606 1108 1666 et

90 1691 124 1754 in
148 1689 292 1754 Mediceo
317 1691 426 1754 codice
452 1697 618 1773 apparent.
664 1689 688 1752 ii
717 1690 900 1752 enimcum
926 1710 1021 1771 saepe
1046 1690 1107 1754 dis-

91 1780 304 1843 sentientibus
332 1780 464 1862 reliquis
494 1780 586 1842 libris
614 1779 698 1841 inter
725 1800 759 1842 se
788 1778 1009 1860 consentiant,
1037 1784 1108 1843 tum

90 1889 204 1950 pauca,
224 1889 305 1951 quae
325 1869 360 1930 in
378 1868 445 1931 illis
465 1871 619 1950 corrupta
639 1870 724 1950 sunt,
748 1867 920 1930 emendata
938 1867 1107 1952 exhibent,

91 1958 127 2020 in
155 1957 227 2019 aliis
259 1979 340 2021 unus
372 1956 535 2020 Mediceus
566 1957 666 2020 codex
698 1956 903 2019 emendatam
936 1956 1107 2020 lectionem

91 2047 236 2129 praebet.
284 2067 321 2108 ea
354 2046 463 2109 omnia
496 2046 597 2129 igitur
630 2067 703 2108 cum
735 2045 782 2107 ita
814 2048 1003 2127 comparata
1034 2047 1108 2128 sint,

91 2140 129 2196 ut
151 2134 338 2198 coniectura
361 2134 456 2198 facile
478 2134 612 2197 inveniri
631 2135 805 2217 potuerint,
829 2155 894 2197 non
915 2155 954 2197 ex
973 2134 1108 2217 antiqua

91 2224 301 2305 incorruptae
325 2223 504 2306 scripturae
528 2223 684 2286 memoria
707 2222 891 2304 repetenda,
915 2223 971 2286 sed
1001 2246 1108 2287 emen-

93 2310 233 2374 dationis
269 2312 374 2376 studio
403 2312 575 2375 tribuenda
604 2333 673 2374 esse
703 2311 782 2375 dico.
827 2334 904 2374 nam
932 2334 970 2375 ex
999 2312 1108 2376 arohe-

91 2405 173 2482 typo
201 2399 278 2462 olim
306 2400 434 2465 videtur
462 2399 688 2484 apographum
722 2422 796 2463 eum
827 2400 1108 2464 emendationibus

92 2488 257 2551 nonnullis
281 2491 399 2552 veteris
424 2491 604 2571 scripturae
625 2488 748 2552 factum
773 2510 856 2570 esse,
886 2510 924 2551 ex
948 2511 1011 2571 quo
1035 2511 1109 2552 cum

93 2576 207 2640 deinde
240 2581 407 2662 tamquam
440 2600 478 2642 ex
506 2577 670 2643 communi
697 2577 789 2640 fonte
818 2581 851 2640 et
879 2576 1047 2641 Parisinus
1078 2582 1109 2641 et

92 2664 256 2730 Medioeus
285 2665 523 2748 derivarentur,
552 2689 590 2730 ea
619 2687 699 2749 quae
731 2667 765 2728 in
788 2666 845 2730 illo
871 2665 992 2748 scripta
1016 2670 1110 2730 erant

94 2752 133 2816 ad
153 2757 324 2838 utrumque
344 2756 463 2819 librum
482 2760 664 2840 propagata
685 2759 774 2838 sunt,
793 2756 825 2818 in
841 2754 983 2818 Mediceo
1001 2759 1109 2818 autem

93 2841 202 2906 codice
238 2844 524 2928 neglegentissime
558 2845 677 2926 scripto
711 2848 743 2908 et
775 2844 924 2926 plurimis
956 2844 1109 2927 gravissi·

93 2931 217 3014 misque
260 2933 565 3015 interpolationibus
603 2933 778 3014 depravato
812 2933 915 3007 multa
948 2938 1109 3016 corrupta,

94 3019 252 3102 quaedam
280 3025 390 3084 tamen
418 3028 504 3085 recte
535 3022 705 3085 emendata
728 3024 813 3099 sunt,
839 3042 921 3104 quae
945 3022 1110 3104 adscripta

92 3129 124 3172 m
148 3108 259 3172 littera
281 3110 433 3174 indicavi.

183 3197 274 3261 Editi
302 3204 378 3263 suut
408 3198 566 3263 Varronis
599 3199 675 3261 libri
710 3220 774 3262 una
806 3203 880 3261 cum
911 3198 1110 3284 reliquorum

93 3285 291 3368 scriptorum
319 3289 358 3351 de
387 3310 421 3351 re
449 3289 572 3351 rustica
600 3287 692 3350 libris
723 3288 864 3370 primum
888 3287 1110 3352 a..1472Ve-

92 3374 191 3439 netiis
208 3376 293 3458 apud
308 3375 481 3441 Nicolaum
496 3375 680 3459 Iensonum,
696 3376 747 3440 cui
762 3375 898 3439 editioni
918 3374 1110 3459 Georgius

92 3461 243 3528 Merula
272 3466 421 3548 praefuit
465 3465 494 3528 is
529 3467 677 3549 quamvis
710 3487 837 3528 summa
868 3464 1002 3528 licentia
1033 3486 1110 3529 usus

93 3551 138 3616 sit
165 3556 198 3616 et
225 3554 367 3636 plurima
394 3560 515 3619 temere
546 3554 735 3637 mutaverit,
759 3559 870 3617 tamen
891 3554 1005 3637 multa,
1028 3575 1110 3637 quae
