2430 3952
150 208 194 271 34
463 215 466 222 ·
558 204 745 261 VARRONIS
816 193 835 241 ⁹

152 352 244 434 cipit,
271 352 388 434 nequis
416 352 456 415 de
482 351 582 414 fundo
612 355 706 414 exeat
728 354 857 433 praeter
879 351 1009 416 vilicum
1034 352 1068 414 et
1091 373 1168 434 pro·

152 462 241 503 mum
261 444 292 502 et
311 462 420 523 unum,
439 462 534 523 quem
548 440 661 503 vilicus
676 438 779 523 legat3
798 440 898 523 siquis
913 443 1027 504 contra
1041 440 1168 524 exierit,

151 550 192 593 ne
215 529 334 610 inpune
359 528 469 612 abeat3
494 528 521 591 si
546 527 672 610 abierit,
694 532 732 591 ut
753 527 788 591 in
811 528 942 593 vilicum
964 527 1169 594 animadver-

149 621 247 680 tatur.
293 616 379 699 quod
401 619 510 701 potius
533 616 582 680 ita
604 615 866 699 praecipiendum
889 617 962 701 fuit,
983 616 1100 700 nequis
1118 617 1169 681 in·

151 706 242 768 iussu
256 704 347 769 vilici
361 706 483 787 exierit,
501 726 605 788 neque
619 703 734 768 vilicus
748 704 874 768 iniussu
888 704 1010 768 domini
1020 704 1197 790 longius-r

152 816 248 876 quam
272 797 309 857 ut
333 793 444 858 eodem
468 794 519 857 die
542 793 672 875 rediret,
694 815 798 877 neque
821 793 855 856 id
878 793 1037 876 crebrius,
1066 814 1169 877 quam

122 889 232 964 ssopus
261 886 346 946 esset
372 882 481 946 fundo.
529 883 672 964 [quarto]
704 882 840 946 eundem
862 880 997 945 fundum
1020 882 1168 946 fructuo-

152 972 269 1034 siorem
296 971 422 1034 faciunt
449 973 614 1051 vecturae,
647 971 674 1033 si
703 970 773 1034 viae
802 974 890 1052 sunt,
924 992 987 1054 qua
1014 970 1169 1053 plaustra

152 1059 206 1142 agi
224 1058 319 1122 facile
337 1058 473 1143 possint,
495 1062 552 1121 aut
569 1057 704 1122 flumina
722 1059 914 1142 propinqua,
933 1080 997 1141 qua
1014 1058 1168 1143 navigari

108 1192 110 1197 ν
151 1147 265 1231 possit,
293 1147 409 1229 quibus
428 1147 572 1229 utrisque
590 1147 687 1210 rebus
707 1147 799 1210 evehi
818 1152 914 1230 atque
933 1146 1043 1211 invehi
1058 1148 1200 1213 multae

152 1235 204 1318 ad
225 1235 357 1318 praedia
390 1236 518 1299 scimus.
569 1234 669 1298 refert
701 1234 800 1298 etiam
833 1235 874 1298 ad
905 1234 998 1299 fundi
1030 1235 1169 1319 fructus,
1208 1262 1211 1313 ῑ

152 1345 247 1406 quem
271 1324 311 1386 ad
335 1324 466 1387 modum
489 1322 615 1387 vicinus
638 1324 672 1386 in
695 1323 833 1388 confinio
862 1325 1024 1387 consitum
1048 1345 1167 1408 agrum
1208 1324 1211 1403 f

150 1411 279 1477 habeat.
325 1412 467 1495 sienim
495 1412 535 1475 ad
564 1411 700 1475 limitem
727 1415 939 1495 querquetum
961 1412 1077 1497 habet,
1101 1434 1168 1477 non
1209 1410 1211 1489 f

151 1500 258 1583 possis
282 1504 368 1564 recte
392 1500 565 1565 secundum
590 1500 796 1564 camsilvam
816 1522 920 1564 serere
940 1501 1053 1584 oleam,
1079 1501 1167 1585 quod

127 1666 132 1670 ῃ
151 1611 252 1673 usque
271 1611 309 1653 eo
329 1594 379 1653 est
397 1590 595 1654 contrarium
614 1593 739 1671 natura,
762 1592 799 1652 ut
818 1590 949 1653 arbores
969 1611 1037 1653 non
1056 1590 1211 1671 solutum

150 1678 257 1741 minus
280 1677 398 1760 ferant,
421 1678 598 1742 sedetiam
621 1677 759 1760 fugiant,
782 1681 819 1741 ut
840 1678 1017 1742 introrsum
1035 1678 1068 1749 iu
1090 1679 1166 1750 fun·

151 1766 227 1829 dum
251 1787 285 1829 se
308 1768 472 1848 reclinent,
496 1772 531 1828 ut
550 1767 627 1830 vitis
647 1766 752 1828 adsita
771 1765 810 1829 ad
829 1765 924 1829 holus
943 1765 1050 1830 facere
1070 1769 1167 1833 solet

152 1859 188 1918 ut
208 1875 353 1937 quercus,
373 1854 419 1917 sic
436 1854 629 1938 iugulandos
649 1874 785 1936 magnae
805 1859 838 1917 et
856 1854 986 1918 crebrae
1005 1854 1168 1920 finitimae

151 1941 242 2004 fundi
266 1964 356 2006 oram
382 1942 508 2005 faciunt
532 1942 685 2005 sterilem.
1209 1993 1211 2008 .

93 2044 171 2099 XVII
240 2029 288 2093 De
303 2029 394 2094 fundi
409 2035 562 2112 quattuor
576 2031 732 2112 partibus,
746 2052 828 2114 quae
844 2053 916 2095 cum
932 2031 1002 2096 solo
1016 2030 1165 2116 haerent,
1175 2049 1198 2091 ιι

150 2122 182 2181 et
205 2118 315 2181 alteris
335 2120 497 2201 quattuor,
521 2139 602 2200 quae
621 2122 714 2182 extra
732 2119 867 2183 fundum
887 2123 1015 2183 suntet
1035 2119 1075 2183 ad
1096 2121 1163 2184 cul·

149 2212 255 2269 turam
278 2207 447 2290 pertinent,
471 2206 546 2270 dixi.
582 2229 667 2271 nunc
691 2207 804 2288 dicam,
827 2209 899 2292 agri
923 2207 1039 2292 quibus
1062 2208 1162 2273 rebus

150 2295 306 2359 colantur.
351 2316 430 2379 quas
458 2317 510 2359 res
538 2296 596 2359 alii
623 2295 772 2360 dividunt
802 2296 837 2360 in
865 2297 944 2361 duas
972 2299 1096 2380 partes,
1128 2298 1163 2362 in

149 2383 296 2447 homines
325 2388 357 2447 et
385 2384 580 2448 adminicula
607 2384 788 2485 hominum,
816 2385 885 2448 sine
913 2384 1030 2469 quibus
1060 2386 1162 2451 rebus

150 2473 252 2537 colere
280 2494 346 2536 non
374 2477 525 2557 possunt3
499 2473 649 2536 talii
641 2495 675 2536 m
702 2476 768 2537 tres
793 2478 924 2624 tpartes,
952 2473 1199 2539 instrumentis

151 2581 251 2645 genus
274 2561 443 2626 vocaleet
467 2523 714 2625 seniivocaleet
700 2565 807 2625 ttmu
810 2584 872 2644 um,
894 2562 1047 2646 vocale,
1038 2584 1073 2625 ιιι
1096 2585 1162 2648 quc

151 2654 227 2713 sunt
250 2650 342 2732 servi,
366 2649 601 2728 semivocale,
592 2671 627 2712 ιιι
650 2670 713 2731 quo
737 2653 812 2713 sunt
835 2651 945 2734 boves,
968 2653 1105 2733 mutum,
1130 2652 1166 2716 in

121 2747 234 2837 2qu0·
245 2742 320 2801 sunt
345 2738 502 2819 plaustra.
553 2758 664 2801 omnes
692 2738 763 2820 agri
791 2738 901 2803 colunt
887 2742 941 2803 tur
972 2738 1164 2804 hominibus

152 2825 253 2888 servis
282 2828 338 2889 aut
324 2825 476 2888 tliberis
501 2828 556 2889 aut
580 2831 615 2887 ut
617 2825 739 2908 risque:
766 2826 893 2910 liberis,
922 2832 978 2891 aut
1001 2849 1075 2890 cum
1098 2827 1164 2911 ipsi

152 2914 272 2996 colunt,
295 2919 332 2975 ut
357 2912 503 2995 plerique
527 2914 715 2996 pauperculi
739 2936 810 2978 cum
834 2937 892 2978 sua
915 2916 1083 3000 progenie,
1108 2920 1201 2980 autu

152 3000 399 3098 mercennariis,
431 3023 503 3065 eum
532 3002 740 3066 conducticiis
772 3003 949 3068 liberorum
977 3005 1084 3087 operis
1112 3026 1165 3069 res

239 3181 255 3228 3
279 3174 391 3242 impune
424 3175 509 3229 abeat
541 3175 670 3256 (impune
702 3176 806 3231 habeat
833 3179 959 3246 plurimo
985 3179 1164 3248 apopapua)

151 3251 184 3298 10
203 3245 299 3299 inuehi
318 3245 354 3298 ad
378 3245 468 3300 multa
489 3245 607 3328 praedia
698 3253 729 3302 17
749 3246 856 3302 adsiste
927 3246 1008 3302 holus
1031 3247 1103 3316 (olus
1126 3248 1165 3316 V)

152 3321 184 3370 18
204 3316 256 3387 sic]
277 3317 301 3369 si
359 3323 392 3370 31
413 3317 590 3371 mercenariis
610 3317 817 3386 (mercennariis
835 3321 972 3374 conualle
990 3320 1164 3390 apoqrupta)

240 3481 273 3530 10
291 3475 386 3529 invehi
406 3475 495 3529 multa
513 3476 550 3529 ad
567 3477 684 3544 praedia
702 3477 883 3533 Sclmeideras
933 3510 935 3513 v
981 3485 1013 3533 17
1034 3477 1129 3533 adsita
1147 3495 1164 3533 u

151 3553 185 3601 18
206 3545 246 3600 sic
267 3546 414 3615 iuglandes
439 3547 576 3601 Victorius
