2430 3952
126 223 189 287 140
531 221 719 276 VARRONIS

123 372 268 451 pascunt.
315 367 370 451 qui
392 368 440 431 ita
463 367 652 450 educantur,
682 365 816 430 celerius
844 365 1033 451 pinguiores
1056 365 1141 430 fiunt

125 479 221 539 quam
245 456 310 539 alii,
335 458 367 520 et
391 456 543 520 candidae
566 456 649 519 fiunt
671 458 823 538 parentes
847 475 966 518 eorum.
1002 453 1140 535 Romae,

125 547 153 609 si
182 547 257 608 srmt
284 544 432 622 formosi,
465 545 550 609 bono
579 545 698 621 colore,
731 542 864 628 integri,
892 543 970 606 boni
998 542 1141 625 seminis,

124 634 216 716 paria
239 634 369 717 singula
391 634 489 719 volgo
509 637 650 697 veneunt
675 633 806 695 ducenis
829 631 970 695 nummis
993 652 1053 696 nec
1072 653 1140 696 non

125 721 241 785 eximia
270 722 405 805 singulis
434 721 564 785 milibus
592 742 767 785 nummum.
820 741 900 803 quas
930 740 1034 801 nuper
1065 727 1139 784 cum
1166 738 1178 781 s

124 813 283 874 mercator
302 810 387 873 tanti
406 831 511 874 emere
530 809 630 873 vellet
649 831 668 872 a
686 808 721 874 L.
741 808 834 890 Axio,
854 808 961 892 equite
980 807 1139 891 Romano,

73 905 112 962 11
125 898 259 962 minoris
275 898 521 982 quadringentis
537 897 676 961 denariis
692 896 842 961 daturum
860 896 1002 980 negavit
1026 896 1139 978 Axius,

125 983 160 1049 Si
182 1007 311 1069 possem
335 1008 450 1069 emere,
472 987 585 1069 inquit,
608 985 809 1069 peristerona
826 984 959 1067 factum,
982 984 1140 1068 quemad

124 1075 268 1157 modum,
295 1075 330 1139 in
359 1075 491 1139 aedibus
520 1096 592 1139 cunr
618 1072 738 1138 habere
766 1073 900 1156 vellem,
932 1074 996 1137 emi
1024 1073 1140 1137 fictilia

125 1163 333 1245 columbaria,
356 1164 421 1226 iam
444 1164 541 1226 issem
562 1166 707 1245 emptum
727 1165 759 1225 et
777 1161 937 1225 misissem
957 1160 1178 1226 advillam.1o

125 1250 226 1325 Quasi
253 1272 343 1332 vero,
375 1251 483 1334 inquit
510 1250 603 1332 Pica,
635 1272 701 1315 non
734 1250 768 1313 in
799 1250 879 1313 urbe
911 1271 1039 1333 quoque
1072 1251 1139 1314 sint

125 1338 228 1402 multi.
266 1361 308 1402 an
331 1338 397 1402 tibe
422 1339 621 1404 columbaria
644 1339 700 1423 qui
723 1338 757 1402 in
780 1339 899 1424 tegulis
919 1339 1051 1423 habent,
1073 1359 1140 1402 non

124 1426 274 1491 videntur
301 1426 421 1491 habere
447 1429 681 1511 peristeronas,
715 1449 788 1492 cum
812 1427 912 1510 aliqui
940 1448 1039 1510 supra
1066 1448 1139 1492 cen·

124 1518 194 1578 tum
219 1515 344 1579 milium
365 1517 550 1581 sestertium
568 1516 711 1580 habeant
730 1516 1005 1579 instrumentum?
1029 1537 1046 1579 e
1066 1516 1139 1600 quis

125 1605 260 1668 alicuius
279 1609 385 1668 totum
406 1627 494 1669 emas
512 1626 636 1687 censeo,
656 1608 688 1668 et
704 1607 878 1688 antequam
893 1603 1041 1668 aedificas
1056 1624 1179 1687 rure,1s

107 1713 280 1778 magnum
308 1693 474 1758 condiscas
502 1693 556 1757 hic
583 1693 618 1756 in
642 1693 720 1757 urbe
744 1693 860 1757 cotidie
883 1692 1008 1756 lucrum
1032 1714 1139 1757 assem

125 1783 292 1845 semissem
321 1783 457 1846 condere
485 1783 519 1845 in
548 1781 681 1846 loculos.
726 1783 776 1863 tu,
799 1781 939 1865 Merula,
969 1780 1015 1844 sio
1038 1802 1139 1866 perge

125 1870 283 1952 deinceps.

57 1969 123 2024 VllI
212 1958 281 2040 Ille,
300 1957 494 2021 Turturibus
512 1958 601 2040 item,¹
619 1957 734 2041 inquit,
752 1957 859 2021 locum
877 1956 1140 2022 constituendum

124 2045 257 2127 proinde
277 2066 440 2129 magnum,
459 2066 495 2109 ac
514 2046 756 2109 multitudinem
776 2046 861 2110 alere
880 2045 973 2129 velis3
1002 2066 1139 2129 eumque
1154 2068 1179 2109 so

124 2136 202 2197 item
226 2137 263 2196 ut
287 2133 325 2197 de
349 2133 507 2197 columbis
531 2134 651 2199 dictum
676 2137 734 2217 est,
758 2137 794 2198 ut
815 2133 937 2198 habeat
959 2135 1082 2198 ostium
1101 2156 1139 2199 ac

124 2220 285 2285 fenestras
318 2226 351 2285 et
383 2243 501 2305 aquam
533 2245 647 2305 puram
681 2245 717 2286 ac
749 2223 890 2306 parietes
923 2242 960 2286 ac
992 2244 1139 2287 camaras

124 2310 267 2374 munitas
291 2311 441 2393 tectori03
471 2311 525 2375 sed
548 2333 607 2394 pro
632 2311 841 2376 columbariis
864 2311 899 2373 in
922 2310 1045 2394 pariete
1068 2333 1140 2376 mu·

124 2399 210 2464 tulos
242 2402 299 2463 aut
327 2400 420 2483 palos
448 2399 482 2463 in
511 2401 670 2482 ordinem,
703 2421 800 2483 supra
829 2421 909 2482 quos
943 2399 1139 2483 tegeticulas

124 2487 324 2552 cannabinae
353 2488 419 2551 sint
446 2488 616 2572 inpositae.
661 2488 809 2551 infimum
839 2487 984 2552 ordinem
1007 2491 1139 2570 oportet
1152 2511 1179 2552 aa

124 2577 237 2639 abesse
267 2598 286 2639 a
313 2579 400 2638 terra
428 2598 494 2640 non
521 2577 629 2640 minus
656 2580 722 2639 tres
745 2575 858 2660 pedes,
887 2577 973 2639 inter
995 2576 1138 2660 reliquos

123 2664 312 2746 dodrantes,
350 2687 368 2727 a
402 2686 527 2729 summo
561 2664 601 2728 ad
634 2686 797 2728 camaram
831 2663 897 2745 [ad]
932 2663 1139 2749 semipedem,

124 2773 224 2834 aeque
252 2753 356 2815 latum
387 2774 424 2816 ac
447 2754 590 2817 mutulus
619 2775 638 2816 a
666 2754 787 2835 pariete
816 2755 927 2816 extare
949 2756 1075 2836 potest,
1104 2754 1138 2817 in

125 2839 240 2923 quibus
274 2839 341 2903 dies
373 2845 548 2924 noctesque
582 2845 764 2924 pascuntur.
816 2841 936 2905 cibatui
968 2840 1053 2925 quod
1087 2843 1139 2924 sit,

124 2928 268 2992 obiciunt
291 2929 436 2992 triticum
459 2930 589 3012 siccum,
612 2930 646 2993 in
670 2933 822 2994 centenos
846 2930 975 2993 vicenos
994 2932 1138 2994 turtures
1153 2952 1179 2992 so

214 3106 246 3154 10
266 3102 295 3156 et
313 3101 462 3172 misissem]
485 3103 614 3157 emissem
688 3109 720 3156 12
740 3101 895 3158 columbari
915 3103 1063 3170 posteriorc
1082 3103 1139 3159 loco

123 3172 328 3240 (columbarum
367 3175 424 3227 cod.
457 3173 539 3240 Pan,
580 3173 750 3228 columbaria
782 3175 943 3242 apographa
974 3175 1137 3242 recentiora)

124 3249 157 3297 13
176 3242 291 3311 aliquod
364 3249 396 3298 17
415 3246 458 3312 tu]
478 3247 538 3296 tum
602 3249 637 3297 23
656 3243 790 3315 mutulos]
810 3246 914 3298 multos
982 3249 1139 3298 2501111119,-

122 3313 205 3368 binae
225 3312 390 3384 (canabinas
414 3315 440 3367 V
457 3320 482 3369 ct
499 3316 636 3369 nonnulla
654 3318 824 3385 upoqrupbu)

213 3498 246 3546 10
266 3494 295 3546 et
312 3491 449 3546 misissem
470 3492 616 3545 Iucundos
703 3497 735 3546 12
758 3490 931 3546 columbaria
949 3507 965 3545 o
1052 3496 1085 3544 17
1105 3494 1138 3547 tu

122 3563 231 3617 Merula
250 3563 397 3618 Iucundos
469 3567 503 3616 23
521 3562 644 3616 mutulos
662 3578 678 3616 o
