2430 3952
326 178 455 233 RERVM
474 177 712 233 RVSTIOARVM
731 179 798 234 LlB.
813 178 852 231 ΙΙΙ
869 186 901 233 16
1056 177 1117 242 161

110 325 292 390 adfundunt
320 345 432 406 sapam
461 327 558 408 atque
587 346 626 387 ex
653 345 690 388 eo
718 323 823 388 factas
854 324 935 387 offas
960 323 1127 406 adponunt

109 416 165 494 ibi,
199 435 262 498 quo
294 413 382 478 foras
414 412 521 476 hieme
553 414 586 476 in
619 413 774 497 pabulum
808 412 981 494 procedere
1015 418 1127 476 tamen

109 503 246 587 possint.

199 588 280 654 Cum
304 609 439 653 examen
461 589 623 652 exiturum
647 594 706 671 est,
729 587 815 672 quod
838 589 908 651 fieri
932 589 1030 670 solet,
1054 599 1178 658 cum29

82 679 250 744 cadnatae
283 699 437 762 prospere
470 680 546 742 sunt
577 677 698 740 multae
732 699 768 740 ac
800 678 990 760 progeniem
1023 681 1059 741 ut
1092 679 1126 742 in

109 768 273 833 coloniam
297 767 443 830 emittere
467 766 589 846 volunt,
611 770 648 829 ut
671 766 747 830 olim
772 767 884 829 crebro
905 763 1018 831 Sabini
1035 766 1127 831 facti-

109 858 263 921 taverunt
285 858 417 938 propter
441 854 684 919 multitudinem
708 854 891 936 liberorum,
922 855 1016 919 huius
1041 855 1127 938 quod

109 945 172 1009 duo
195 945 303 1009 solent
326 943 452 1027 praeire
478 944 580 1028 signa,
604 944 720 1007 scitur:
757 965 872 1026 unum,
896 944 980 1027 quod
1005 943 1127 1026 superi-

109 1034 219 1098 oribus
235 1033 358 1116 diebus,
380 1032 519 1096 maxime
534 1033 738 1115 vespertinis,
752 1033 873 1095 multae
889 1037 964 1096 ante
979 1033 1126 1097 foramen

67 1144 94 1184 rc
108 1126 145 1186 ut
172 1143 252 1186 uvae
281 1122 365 1186 aliae
396 1143 434 1185 ex
457 1121 530 1184 aliis
553 1120 693 1203 pendent
711 1120 940 1204 conglobatam
978 1122 1124 1203 alterum,
1135 1128 1178 1188 30

109 1211 204 1294 quod,
228 1232 300 1275 cum
324 1211 391 1273 iarn
415 1210 601 1274 evolaturae
626 1215 702 1273 sunt
726 1214 783 1273 aut
806 1211 903 1273 etiam
925 1211 1124 1293 inceperunt,

110 1302 290 1365 consonant
309 1297 525 1380 vehementer,
544 1297 680 1380 proinde
698 1305 736 1361 ut
755 1298 874 1362 milites
894 1298 1027 1380 faciunt,
1051 1321 1124 1364 cum

108 1391 217 1452 castra
246 1391 385 1452 movent.
432 1408 514 1470 quae
537 1387 678 1469 primum
703 1386 863 1471 exierunt,
890 1387 925 1450 in
948 1391 1125 1472 conspectu

108 1478 249 1542 volitant
272 1477 427 1559 reliquas,
455 1497 537 1560 quae
560 1475 702 1538 nondum
726 1478 942 1558 congregatae
967 1483 1051 1554 sunt,
1074 1498 1124 1540 re-

68 1585 94 1626 rs
109 1570 306 1649 spectantes,
339 1565 414 1628 dum
448 1563 647 1628 conveniant.
695 1564 795 1643 [cum]
827 1585 847 1627 a
876 1564 1022 1629 mellario
1051 1586 1125 1628 cum

108 1654 142 1718 id
165 1654 279 1718 fecisse
303 1658 378 1717 sunt
401 1652 653 1730 animadversae,
683 1652 832 1716 iaciundo
856 1652 889 1715 in
914 1673 968 1716 eas
992 1653 1125 1735 pulvere

109 1746 141 1806 et
169 1741 456 1807 circumtinnicndo
486 1763 558 1804 aere
586 1740 791 1823 perterritae,
819 1762 882 1822 quo
911 1741 1026 1805 volunt
1054 1763 1122 1824 per·
1136 1751 1176 1808 31

108 1832 232 1913 ducere,
250 1853 315 1895 non
335 1831 430 1915 longe
450 1830 524 1894 inde
544 1830 694 1894 oblinunt
711 1828 852 1892 erithace
869 1833 966 1912 atque
982 1828 1135 1912 apiastro¹

108 1921 287 2003 ceterisque
311 1920 417 2003 rebuS,
441 1920 558 2003 quibus
579 1919 788 1983 delectantur.
825 1918 880 1982 ubi
900 1919 1125 2000 consederunt,

68 2029 93 2068 ro
110 2008 260 2072 adferunt
283 2008 391 2072 alvum
417 2009 545 2092 [prope]
570 2008 690 2072 eisdem
713 2007 831 2071 inliciis
863 2008 956 2071 litam
980 2009 1068 2072 intus
1093 2014 1126 2072 et

108 2119 209 2182 prope
233 2097 383 2180 adposita
410 2097 500 2160 fumo
529 2098 595 2159 leni
624 2097 820 2160 circumdato
852 2100 973 2181 cogunt
997 2119 1051 2161 eas
1075 2096 1123 2160 in-

108 2190 209 2251 trare:
244 2188 307 2266 [ut]
334 2206 414 2268 quae
437 2186 471 2247 in
494 2206 612 2248 novam
637 2185 798 2248 coloniam
823 2206 894 2248 cum
918 2185 1124 2266 introierunt,

108 2277 300 2358 permanent
327 2274 407 2337 adeo
436 2272 588 2353 libenter,
618 2279 654 2336 ut
682 2273 780 2335 etiam
808 2273 835 2335 si
863 2275 1045 2354 proximam
1069 2296 1123 2356 po·

110 2364 211 2428 sueris
235 2362 327 2426 illam
352 2363 469 2443 alvum,
492 2361 575 2424 unde
599 2361 758 2444 exierunt,
781 2364 892 2424 tamen
913 2383 999 2425 novo
1023 2362 1123 2425 domi-

68 2472 95 2512 25
111 2453 184 2516 cilio
208 2452 318 2534 potius
344 2452 410 2514 sint
434 2454 613 2514 contentae.

199 2540 290 2615 Quod
315 2539 354 2603 ad
377 2541 544 2623 pastiones
567 2538 729 2621 pertinere
754 2560 825 2602 sum
849 2543 939 2601 ratus
971 2538 1176 2620 quoniam32

109 2629 188 2710 dixi,
216 2650 301 2692 nunc
328 2629 408 2711 iam,
436 2629 550 2711 quoius
579 2648 673 2691 causa
701 2626 873 2690 adhibetur
901 2648 938 2690 ea
966 2648 1055 2709 cura,
1085 2627 1124 2690 de

108 2717 215 2780 fructu
240 2718 354 2780 dicam.
400 2715 641 2786 eximendorum
664 2715 814 2780 favorum
837 2717 969 2800 signum
993 2720 1124 2780 sumunt

200 2930 289 2991 2qu0
310 2941 372 2978 oras
444 2923 642 2993 tprogeniem
665 2923 709 2994 ut]
734 2924 936 2992 progentemue
1010 2930 1041 2978 11
1068 2924 1124 2981 sint

111 3001 143 3048 13
164 2995 296 3065 primum]
326 2995 417 3063 primo
437 3011 500 3048 cum
575 3000 608 3048 14
627 2998 815 3064 congregatae
844 2995 901 3049 sint
925 2997 1123 3120 Scongregatae

109 3070 175 3118 sunt
199 3068 238 3135 V)
312 3071 345 3121 16
365 3083 427 3120 cum
452 3082 470 3118 a
487 3065 607 3120 miliario
627 3082 690 3119 cum
708 3063 738 3118 id
755 3067 829 3135 (cum
849 3082 866 3119 a
884 3084 929 3122 me
942 3067 1012 3121 lario
1030 3068 1058 3120 id
1082 3065 1123 3135 V)

109 3141 144 3188 20
168 3139 280 3191 easdem
353 3139 382 3192 et
405 3137 486 3191 litam
515 3137 590 3203 Pet,
625 3137 722 3191 elitum
746 3153 839 3208 apopr.
917 3143 950 3192 21
976 3137 1123 3206 appositae

110 3212 144 3257 22
174 3206 258 3276 quae]
288 3225 343 3275 qua
415 3214 448 3262 27
469 3224 554 3262 causa
573 3225 623 3262 om.

199 3388 214 3434 2
239 3400 323 3450 quum
346 3383 420 3437 foras
449 3385 588 3440 Victorius
669 3390 684 3438 ὅ
707 3384 869 3454 progeniem
895 3383 925 3437 in
948 3383 1122 3438 coloniamo

111 3460 142 3506 11
163 3456 228 3506 sunt
246 3471 293 3507 mc
348 3459 382 3507 20
401 3454 505 3509 eisdem
526 3457 673 3511 Iucundos
727 3461 759 3510 21
781 3455 945 3525 appositae
991 3459 1025 3508 27
1044 3455 1122 3509 cuius

110 3542 194 3578 causa
213 3524 360 3579 Iucundos
457 3573 459 3576 .

163 3626 249 3665 Vareno
264 3634 317 3664 nna.
332 3633 400 3664 avar.
930 3618 961 3668 11
