2430 3952
92 212 136 276 46
510 210 697 267 VARRONIS

92 357 154 422 hoc
183 355 222 420 ad
253 357 432 421 solstitium
461 357 527 421 dies
551 374 663 437 xnlrx,
691 356 765 419 inde
790 355 830 420 ad
853 356 1018 421 caniculae
1042 357 1106 441 sig-

93 469 169 510 num
194 446 262 510 dies
285 464 394 528 xxvn,
417 445 492 509 dein
511 445 551 510 ad
571 445 809 528 aequinoctium
832 445 1018 508 autumnale
1038 445 1106 509 dies
1150 453 1151 476 ³

92 553 203 617 varr,
234 536 307 598 exin
335 535 376 598 ad
405 535 614 618 vergiliarum
643 555 792 599 occasum
821 533 889 596 dies
917 552 1031 611 xxxrr,
1064 535 1105 598 ab

94 623 155 686 hoc
179 622 220 686 ad
239 623 388 687 brumam
407 623 475 686 dies
494 640 578 705 nvn,
601 623 676 686 inde
696 622 735 685 ad
755 621 921 685 favonium
940 621 1008 685 dies
1026 640 1107 687 XLV.

22 725 116 780 XXIX
185 713 250 792 [In]
275 712 381 793 primo
404 711 574 774 intervallo
597 710 682 774 inter
700 711 865 774 favonium
884 716 918 774 et
936 711 1106 794 aequinoc-
1133 730 1146 771 s

93 801 175 863 tium
190 821 324 862 vernum
339 799 418 863 haec
437 799 508 862 fieri
527 804 665 881 oportet.
694 799 867 862 seminaria
887 821 982 862 omne
1001 819 1106 883 genus

94 892 131 952 ut
149 891 312 971 serantur,
335 889 443 970 putari
462 888 603 971 arbusto,
621 889 785 952 stercorari
802 888 966 972 inpratis,
985 890 1106 952 circum

93 977 174 1040 vites
208 977 381 1058 chinonem,
413 976 536 1040 radices
570 998 651 1059 quae
683 976 717 1039 in
750 997 876 1039 summa
908 979 995 1039 terra
1029 980 1107 1040 sunt

93 1065 244 1147 praecidi,
277 1069 372 1148 prata
405 1065 553 1150 purgari,
586 1065 701 1128 salicta
734 1066 807 1146 seri,
841 1070 967 1146 segetes
1002 1064 1106 1129 sariri.

93 1173 186 1235 seges
220 1153 336 1217 dicitur
370 1152 455 1235 qnod
488 1155 616 1236 aratum
649 1157 756 1216 satum
785 1155 843 1233 est,
876 1174 989 1216 arvum
1020 1153 1131 1238 quod1

94 1248 221 1304 aratum
247 1240 384 1304 necdum
412 1245 520 1304 satum
549 1245 614 1323 est,
641 1241 784 1323 novalis,
812 1241 868 1303 ubi
898 1247 1007 1305 saturn
1034 1241 1106 1324 fuit,

64 1334 268 1413 tantequam
302 1330 440 1393 secunda
473 1330 618 1393 aratione
649 1335 789 1394 novatur
817 1351 937 1394 rursus.
983 1335 1107 1393 terram

94 1439 166 1482 curn
186 1418 327 1500 primum
348 1422 449 1500 arant,
467 1418 673 1502 proscindere
691 1419 867 1501 appellant,
886 1439 962 1494 cum,
978 1419 1107 1500 iterum,

94 1506 269 1591 effringere
284 1507 403 1586 dicunt,
423 1507 508 1590 quod
528 1507 632 1590 prima
652 1507 796 1570 aratione
811 1505 947 1589 glaebae
966 1507 1106 1590 grandes

94 1595 200 1659 solent
218 1595 364 1678 excitari,
388 1618 460 1659 cum
480 1597 626 1678 iteratur,
649 1595 822 1678 offringere
842 1597 969 1659 vocant.
1005 1594 1131 1660 tertior

94 1705 166 1746 cum
191 1689 285 1746 arant
308 1685 393 1747 iacto
418 1686 548 1766 semine,
572 1686 671 1748 boves
695 1684 791 1746 lirare
815 1683 976 1766 dicuntur,
999 1684 1033 1747 id
1056 1689 1107 1746 est

95 1793 168 1835 cum
191 1772 329 1848 tabellis
346 1772 462 1835 additis
487 1773 526 1835 ad
550 1793 712 1836 vomerem
736 1772 889 1834 simulet
913 1779 1020 1836 satum
1038 1772 1106 1836 fru-

95 1866 239 1923 mentum
259 1860 408 1941 operiunt
423 1861 454 1923 in
471 1861 576 1944 porcis
592 1866 624 1923 et
639 1861 766 1924 sulcant
780 1859 896 1941 fossas,
917 1882 980 1943 quo
994 1862 1107 1943 pluvia

96 1970 181 2031 aqua
207 1948 385 2012 delabatur.
435 1971 501 2012 non
527 1949 610 2012 nulli
638 1956 766 2032 postea,
799 1949 853 2031 qui
883 1954 1008 2032 segetes
1039 1971 1106 2013 non

95 2039 162 2099 tam
186 2037 271 2099 latas
294 2036 425 2118 habent,
455 2036 549 2100 utin
573 2037 695 2121 Apulia
718 2040 755 2099 et‘
772 2037 806 2099 id
830 2057 932 2121 genus
956 2037 1132 2119 praediis‚r

95 2147 152 2206 per
180 2128 321 2188 sartores
349 2146 462 2188 occare
490 2127 610 2207 solent,
638 2126 749 2208 siquae
777 2126 810 2188 in
839 2125 945 2207 porcis
975 2126 1105 2190 relictae

66 2212 284 2296 3grandiores
313 2218 389 2276 sunt
419 2213 564 2295 glaebae.
611 2236 674 2297 qua
697 2220 842 2277 aratrum
865 2235 995 2277 vomere
1018 2214 1106 2278 lacu-

95 2324 171 2364 nam
191 2302 303 2364 striam
323 2301 408 2383 fecit,
432 2304 540 2366 sulcus
558 2306 702 2367 vocatur.
731 2301 817 2385 quod
841 2305 891 2365 est
914 2303 999 2366 inter
1025 2303 1106 2366 duos

95 2391 203 2454 sulcos
232 2390 316 2453 elata
343 2394 433 2454 terra
461 2391 577 2456 dicitur
604 2413 714 2473 porca,
742 2390 827 2474 quod
856 2411 893 2453 ea
923 2411 1015 2474 seges
1039 2391 1106 2454 fru-

95 2483 239 2542 mentum
266 2480 409 2562 porricit.
456 2481 502 2544 sic
530 2500 656 2563 quoque
684 2483 758 2542 exta
786 2477 854 2542 deis
878 2499 950 2542 cum
974 2479 1132 2563 debenti

95 2567 255 2649 porricere
279 2567 438 2631 dicebant.

41 2669 117 2725 XXX
186 2654 331 2719 Secundo
355 2656 525 2720 intervallo
548 2657 635 2719 inter
657 2677 791 2720 vernum
811 2655 1047 2740 aequinoctium
1074 2659 1108 2719 et

96 2743 304 2825 vergiliarum
325 2749 471 2808 exortum
490 2742 570 2809 haec
589 2744 667 2808 fieri.
705 2750 831 2827 segetes
851 2745 987 2826 runcari,
1012 2746 1109 2808 idest

94 2831 228 2894 herbam
253 2853 270 2892 e
294 2834 457 2914 segetibus
482 2833 662 2917 expurgari,
693 2834 793 2897 boves
817 2838 938 2897 terram
962 2834 1107 2917 proscin-

96 2919 179 2997 dere,
215 2919 345 2983 salicem
379 2921 476 3003 caedi,
508 2926 604 3004 prata
636 2921 772 2985 defendi.
827 2944 909 3007 quae
942 2921 1107 3005 superiore

186 3117 200 3164 7
220 3109 335 3165 arbusta
354 3112 504 3166 stercorari
521 3129 571 3167 om.
654 3117 670 3165 9
690 3111 777 3166 sarire
865 3118 896 3166 12
916 3113 1007 3166 aratio
1026 3129 1108 3166 reno-

96 3181 180 3234 uatur
261 3187 294 3236 20
313 3183 434 3250 praediis
453 3182 572 3253 (praedii
596 3183 637 3251 V)
719 3188 753 3236 25
772 3183 890 3250 porrigit
963 3189 997 3237 26
1019 3184 1107 3250 porri·

96 3269 161 3320 gere
233 3258 268 3306 28
287 3254 356 3306 haec
375 3254 435 3308 fieri
454 3257 536 3323 (haec
554 3254 614 3307 fieri
634 3253 737 3308 debent
760 3253 797 3321 V,
822 3252 891 3308 haec
908 3253 970 3308 fieri
992 3254 1062 3310 Vr'ct.
1081 3260 1109 3309 et
1148 3276 1151 3327 j

96 3324 163 3376 libri
180 3327 380 3392 manuscripti
399 3328 501 3393 omnes)
573 3325 604 3378 id
623 3330 664 3378 est
682 3341 732 3379 om.

186 3489 201 3537 9
221 3483 301 3538 sariri
320 3485 403 3537 editio
424 3483 640 3538 Commeltaiuua
684 3488 719 3536 25
738 3483 854 3550 porricit
872 3490 897 3539 et
915 3489 949 3539 26
966 3453 1108 3553 porricere
1147 3484 1151 3549 l

98 3555 255 3608 Potitionus
1148 3608 1151 3647 ,

1141 3808 1151 3911 ,
