<?xml version="1.0" encoding="UTF-8"?>
<!DOCTYPE html PUBLIC "-//W3C//DTD XHTML 1.0 Transitional//EN"
    "http://www.w3.org/TR/xhtml1/DTD/xhtml1-transitional.dtd">
<html xmlns="http://www.w3.org/1999/xhtml" xml:lang="en" lang="en">
 <head>
  <title>
</title>
<meta http-equiv="Content-Type" content="text/html;charset=utf-8" />
  <meta name='ocr-system' content='tesseract 3.04.00' />
  <meta name='ocr-capabilities' content='ocr_page ocr_carea ocr_par ocr_line ocrx_word'/>
</head>
<body>
  <div class='ocr_page' id='page_1' title='image "./mterentivarroni01keilgoog/mterentivarroni01keilgoog_0058.png"; bbox 0 0 2430 3952; ppageno 0'>
   <div class='ocr_carea' id='block_1_1' title="bbox 266 119 1084 185">
    <p class='ocr_par' dir='ltr' id='par_1_1' title="bbox 266 119 1084 185">
     <span class='ocr_line' id='line_1_1' title="bbox 266 119 1084 185; baseline 0.002 -11"><span class='ocrx_word' id='word_1_1' title='bbox 266 119 399 175; x_wconf 80' lang='lat' dir='ltr'>RERVM</span> <span class='ocrx_word' id='word_1_2' title='bbox 417 119 655 179; x_wconf 82' lang='lat' dir='ltr'><strong>RVSTICARVM</strong></span> <span class='ocrx_word' id='word_1_3' title='bbox 673 121 741 175; x_wconf 91' lang='lat' dir='ltr'>LlB.</span> <span class='ocrx_word' id='word_1_4' title='bbox 756 120 769 172; x_wconf 91' lang='lat' dir='ltr'>I</span> <span class='ocrx_word' id='word_1_5' title='bbox 785 126 889 175; x_wconf 84' lang='grc'>17-18</span> <span class='ocrx_word' id='word_1_6' title='bbox 1043 122 1084 185; x_wconf 80' lang='grc'>37</span> 
     </span>
    </p>
   </div>
   <div class='ocr_carea' id='block_1_2' title="bbox 10 265 1115 3192">
    <p class='ocr_par' dir='ltr' id='par_1_2' title="bbox 10 265 1115 3192">
     <span class='ocr_line' id='line_1_2' title="bbox 69 265 1085 352; baseline 0 -21"><span class='ocrx_word' id='word_1_7' title='bbox 69 288 96 331; x_wconf 87' lang='lat' dir='ltr'>sr</span> <span class='ocrx_word' id='word_1_8' title='bbox 120 265 229 330; x_wconf 90' lang='lat' dir='ltr'>minus</span> <span class='ocrx_word' id='word_1_9' title='bbox 254 283 344 332; x_wconf 67' lang='lat' dir='ltr'>ccxl,</span> <span class='ocrx_word' id='word_1_10' title='bbox 367 267 481 352; x_wconf 84' lang='lat' dir='ltr'>iugera</span> <span class='ocrx_word' id='word_1_11' title='bbox 504 266 616 330; x_wconf 86' lang='lat' dir='ltr'>oliveti</span> <span class='ocrx_word' id='word_1_12' title='bbox 640 266 739 343; x_wconf 89' lang='lat' dir='ltr'>colas,</span> <span class='ocrx_word' id='word_1_13' title='bbox 761 287 828 329; x_wconf 89' lang='lat' dir='ltr'>non</span> <span class='ocrx_word' id='word_1_14' title='bbox 852 267 959 348; x_wconf 90' lang='lat' dir='ltr'>possis</span> <span class='ocrx_word' id='word_1_15' title='bbox 979 267 1085 331; x_wconf 89' lang='lat' dir='ltr'>minus</span> 
     </span>
     <span class='ocr_line' id='line_1_3' title="bbox 67 354 1084 438; baseline 0 -19"><span class='ocrx_word' id='word_1_16' title='bbox 67 376 133 419; x_wconf 88' lang='lat' dir='ltr'>uno</span> <span class='ocrx_word' id='word_1_17' title='bbox 151 356 249 420; x_wconf 89' lang='lat' dir='ltr'>vilico</span> <span class='ocrx_word' id='word_1_18' title='bbox 271 355 401 437; x_wconf 85' lang='lat' dir='ltr'>habere,</span> <span class='ocrx_word' id='word_1_19' title='bbox 420 376 489 437; x_wconf 84' lang='lat' dir='ltr'>nec,</span> <span class='ocrx_word' id='word_1_20' title='bbox 508 355 535 418; x_wconf 89' lang='lat' dir='ltr'>si</span> <span class='ocrx_word' id='word_1_21' title='bbox 554 354 605 419; x_wconf 90' lang='lat' dir='ltr'>bis</span> <span class='ocrx_word' id='word_1_22' title='bbox 625 359 718 419; x_wconf 84' lang='lat' dir='ltr'>tanto</span> <span class='ocrx_word' id='word_1_23' title='bbox 739 354 929 438; x_wconf 85' lang='lat' dir='ltr'>ampliorem</span> <span class='ocrx_word' id='word_1_24' title='bbox 948 355 1084 419; x_wconf 89' lang='lat' dir='ltr'>fundum</span> 
     </span>
     <span class='ocr_line' id='line_1_4' title="bbox 42 442 1086 526; baseline 0.001 -19"><span class='ocrx_word' id='word_1_25' title='bbox 42 448 125 508; x_wconf 76' lang='lat' dir='ltr'>,aut</span> <span class='ocrx_word' id='word_1_26' title='bbox 151 464 190 507; x_wconf 91' lang='lat' dir='ltr'>eo</span> <span class='ocrx_word' id='word_1_27' title='bbox 218 444 292 526; x_wconf 88' lang='lat' dir='ltr'>plns</span> <span class='ocrx_word' id='word_1_28' title='bbox 320 444 422 525; x_wconf 84' lang='lat' dir='ltr'>colas,</span> <span class='ocrx_word' id='word_1_29' title='bbox 448 442 522 507; x_wconf 92' lang='lat' dir='ltr'>ideo</span> <span class='ocrx_word' id='word_1_30' title='bbox 551 442 614 507; x_wconf 91' lang='lat' dir='ltr'>duo</span> <span class='ocrx_word' id='word_1_31' title='bbox 642 444 732 507; x_wconf 89' lang='lat' dir='ltr'>vilici</span> <span class='ocrx_word' id='word_1_32' title='bbox 761 449 818 507; x_wconf 88' lang='lat' dir='ltr'>aut</span> <span class='ocrx_word' id='word_1_33' title='bbox 845 446 911 507; x_wconf 89' lang='lat' dir='ltr'>tres</span> <span class='ocrx_word' id='word_1_34' title='bbox 934 444 1086 508; x_wconf 88' lang='lat' dir='ltr'>habendi.</span> 
     </span>
     <span class='ocr_line' id='line_1_5' title="bbox 10 531 1115 615; baseline 0.003 -20"><span class='ocrx_word' id='word_1_35' title='bbox 10 540 14 545; x_wconf 87' lang='lat'>&#39;</span> <span class='ocrx_word' id='word_1_36' title='bbox 66 532 135 597; x_wconf 87' lang='lat' dir='ltr'>fere</span> <span class='ocrx_word' id='word_1_37' title='bbox 163 532 306 614; x_wconf 81' lang='lat' dir='ltr'>operarii</span> <span class='ocrx_word' id='word_1_38' title='bbox 337 532 433 596; x_wconf 90' lang='lat' dir='ltr'>modo</span> <span class='ocrx_word' id='word_1_39' title='bbox 462 536 496 595; x_wconf 90' lang='lat' dir='ltr'>et</span> <span class='ocrx_word' id='word_1_40' title='bbox 524 531 657 595; x_wconf 84' lang='lat' dir='ltr'>bubulci</span> <span class='ocrx_word' id='word_1_41' title='bbox 685 552 744 615; x_wconf 91' lang='lat' dir='ltr'>pro</span> <span class='ocrx_word' id='word_1_42' title='bbox 771 532 920 615; x_wconf 86' lang='lat' dir='ltr'>port-ione</span> <span class='ocrx_word' id='word_1_43' title='bbox 945 533 1115 598; x_wconf 84' lang='lat' dir='ltr'>addendi4</span> 
     </span>
     <span class='ocr_line' id='line_1_6' title="bbox 37 619 1086 704; baseline 0.001 -20"><span class='ocrx_word' id='word_1_44' title='bbox 37 620 295 702; x_wconf 68' lang='lat' dir='ltr'>a[ad’minoris]</span> <span class='ocrx_word' id='word_1_45' title='bbox 320 619 361 683; x_wconf 86' lang='lat' dir='ltr'>ad</span> <span class='ocrx_word' id='word_1_46' title='bbox 383 619 525 684; x_wconf 88' lang='lat' dir='ltr'>maiores</span> <span class='ocrx_word' id='word_1_47' title='bbox 549 621 663 684; x_wconf 88' lang='lat' dir='ltr'>modos</span> <span class='ocrx_word' id='word_1_48' title='bbox 682 620 865 684; x_wconf 89' lang='lat' dir='ltr'>fundorum.</span> <span class='ocrx_word' id='word_1_49' title='bbox 902 621 925 683; x_wconf 91' lang='lat' dir='ltr'>ii</span> <span class='ocrx_word' id='word_1_50' title='bbox 949 642 1086 704; x_wconf 89' lang='lat' dir='ltr'>quoque,</span> 
     </span>
     <span class='ocr_line' id='line_1_7' title="bbox 64 708 1084 793; baseline 0.001 -20"><span class='ocrx_word' id='word_1_51' title='bbox 64 709 94 774; x_wconf 86' lang='lat' dir='ltr'>si</span> <span class='ocrx_word' id='word_1_52' title='bbox 125 708 243 772; x_wconf 90' lang='lat' dir='ltr'>similis</span> <span class='ocrx_word' id='word_1_53' title='bbox 275 712 326 772; x_wconf 90' lang='lat' dir='ltr'>est</span> <span class='ocrx_word' id='word_1_54' title='bbox 357 729 446 790; x_wconf 78' lang='lat' dir='ltr'>ager.</span> <span class='ocrx_word' id='word_1_55' title='bbox 492 709 543 772; x_wconf 89' lang='lat' dir='ltr'>sin</span> <span class='ocrx_word' id='word_1_56' title='bbox 573 718 622 772; x_wconf 85' lang='lat' dir='ltr'>est</span> <span class='ocrx_word' id='word_1_57' title='bbox 650 708 698 772; x_wconf 88' lang='lat' dir='ltr'>ita</span> <span class='ocrx_word' id='word_1_58' title='bbox 728 708 910 793; x_wconf 85' lang='lat' dir='ltr'>dissimilis,</span> <span class='ocrx_word' id='word_1_59' title='bbox 939 716 976 772; x_wconf 90' lang='lat' dir='ltr'>ut</span> <span class='ocrx_word' id='word_1_60' title='bbox 999 713 1084 774; x_wconf 85' lang='lat' dir='ltr'>arari</span> 
     </span>
     <span class='ocr_line' id='line_1_8' title="bbox 65 797 1084 882; baseline 0.001 -21"><span class='ocrx_word' id='word_1_61' title='bbox 65 819 134 863; x_wconf 90' lang='lat' dir='ltr'>non</span> <span class='ocrx_word' id='word_1_62' title='bbox 160 797 281 882; x_wconf 81' lang='lat' dir='ltr'><strong>possit,</strong></span> <span class='ocrx_word' id='word_1_63' title='bbox 309 798 395 881; x_wconf 93' lang='lat' dir='ltr'>quod</span> <span class='ocrx_word' id='word_1_64' title='bbox 423 797 468 860; x_wconf 89' lang='lat' dir='ltr'>sit</span> <span class='ocrx_word' id='word_1_65' title='bbox 491 797 705 881; x_wconf 85' lang='lat' dir='ltr'>confragosus</span> <span class='ocrx_word' id='word_1_66' title='bbox 729 801 825 880; x_wconf 87' lang='lat' dir='ltr'>atquc</span> <span class='ocrx_word' id='word_1_67' title='bbox 849 797 957 862; x_wconf 83' lang='lat' dir='ltr'>arduis</span> <span class='ocrx_word' id='word_1_68' title='bbox 982 799 1084 877; x_wconf 86' lang='lat' dir='ltr'>clivis,</span> 
     </span>
     <span class='ocr_line' id='line_1_9' title="bbox 65 885 1085 969; baseline 0.001 -20"><span class='ocrx_word' id='word_1_69' title='bbox 65 886 176 950; x_wconf 90' lang='lat' dir='ltr'>minus</span> <span class='ocrx_word' id='word_1_70' title='bbox 199 886 297 949; x_wconf 88' lang='lat' dir='ltr'>multi</span> <span class='ocrx_word' id='word_1_71' title='bbox 321 908 402 969; x_wconf 91' lang='lat' dir='ltr'>opus</span> <span class='ocrx_word' id='word_1_72' title='bbox 426 890 503 949; x_wconf 89' lang='lat' dir='ltr'>sunt</span> <span class='ocrx_word' id='word_1_73' title='bbox 525 886 626 950; x_wconf 90' lang='lat' dir='ltr'>boves</span> <span class='ocrx_word' id='word_1_74' title='bbox 651 891 683 949; x_wconf 91' lang='lat' dir='ltr'>et</span> <span class='ocrx_word' id='word_1_75' title='bbox 706 885 847 949; x_wconf 84' lang='lat' dir='ltr'>bubulci.</span> <span class='ocrx_word' id='word_1_76' title='bbox 885 886 981 950; x_wconf 88' lang='lat' dir='ltr'>mitto</span> <span class='ocrx_word' id='word_1_77' title='bbox 1000 887 1085 969; x_wconf 85' lang='lat' dir='ltr'>illut,</span> 
     </span>
     <span class='ocr_line' id='line_1_10' title="bbox 65 974 1084 1059; baseline -0.001 -20"><span class='ocrx_word' id='word_1_78' title='bbox 65 974 154 1059; x_wconf 90' lang='lat' dir='ltr'>quod</span> <span class='ocrx_word' id='word_1_79' title='bbox 173 974 305 1039; x_wconf 90' lang='lat' dir='ltr'>modum</span> <span class='ocrx_word' id='word_1_80' title='bbox 324 996 430 1057; x_wconf 89' lang='lat' dir='ltr'>neque</span> <span class='ocrx_word' id='word_1_81' title='bbox 445 996 546 1037; x_wconf 87' lang='lat' dir='ltr'>unum</span> <span class='ocrx_word' id='word_1_82' title='bbox 560 995 620 1037; x_wconf 91' lang='lat' dir='ltr'>nec</span> <span class='ocrx_word' id='word_1_83' title='bbox 634 974 794 1037; x_wconf 89' lang='lat' dir='ltr'>modicum</span> <span class='ocrx_word' id='word_1_84' title='bbox 810 976 981 1058; x_wconf 80' lang='lat' dir='ltr'>proposuit</span> <span class='ocrx_word' id='word_1_85' title='bbox 996 992 1084 1040; x_wconf 76' lang='lat' dir='ltr'>ccxa</span> 
     </span>
     <span class='ocr_line' id='line_1_11' title="bbox 27 1059 1113 1150; baseline 0.003 -26"><span class='ocrx_word' id='word_1_86' title='bbox 27 1064 217 1148; x_wconf 81' lang='lat' dir='ltr'>roiugerum</span> <span class='ocrx_word' id='word_1_87' title='bbox 246 1059 408 1149; x_wconf 90' lang='lat' dir='ltr'>(modicus</span> <span class='ocrx_word' id='word_1_88' title='bbox 439 1064 525 1126; x_wconf 86' lang='lat' dir='ltr'>enim</span> <span class='ocrx_word' id='word_1_89' title='bbox 548 1064 706 1144; x_wconf 85' lang='lat' dir='ltr'>centuria,</span> <span class='ocrx_word' id='word_1_90' title='bbox 731 1069 763 1126; x_wconf 90' lang='lat' dir='ltr'>et</span> <span class='ocrx_word' id='word_1_91' title='bbox 787 1084 824 1126; x_wconf 89' lang='lat' dir='ltr'>ea</span> <span class='ocrx_word' id='word_1_92' title='bbox 848 1080 888 1128; x_wconf 87' lang='lat' dir='ltr'>cc</span> <span class='ocrx_word' id='word_1_93' title='bbox 911 1061 1113 1150; x_wconf 83' lang='lat' dir='ltr'>iugerum)‚5</span> 
     </span>
     <span class='ocr_line' id='line_1_12' title="bbox 67 1152 1083 1236; baseline 0 -21"><span class='ocrx_word' id='word_1_94' title='bbox 67 1173 85 1215; x_wconf 87' lang='lat' dir='ltr'>e</span> <span class='ocrx_word' id='word_1_95' title='bbox 106 1172 173 1236; x_wconf 89' lang='lat' dir='ltr'>quo</span> <span class='ocrx_word' id='word_1_96' title='bbox 197 1173 296 1236; x_wconf 92' lang='lat' dir='ltr'>quom</span> <span class='ocrx_word' id='word_1_97' title='bbox 321 1156 414 1215; x_wconf 89' lang='lat' dir='ltr'>sexta</span> <span class='ocrx_word' id='word_1_98' title='bbox 436 1173 513 1234; x_wconf 88' lang='lat' dir='ltr'>pars</span> <span class='ocrx_word' id='word_1_99' title='bbox 538 1152 604 1214; x_wconf 91' lang='lat' dir='ltr'>sint</span> <span class='ocrx_word' id='word_1_100' title='bbox 627 1173 665 1214; x_wconf 88' lang='lat' dir='ltr'>ea</span> <span class='ocrx_word' id='word_1_101' title='bbox 683 1168 739 1232; x_wconf 76' lang='lat' dir='ltr'>xa,</span> <span class='ocrx_word' id='word_1_102' title='bbox 762 1173 844 1234; x_wconf 88' lang='lat' dir='ltr'>quae</span> <span class='ocrx_word' id='word_1_103' title='bbox 864 1152 901 1215; x_wconf 91' lang='lat' dir='ltr'>de</span> <span class='ocrx_word' id='word_1_104' title='bbox 921 1169 1010 1217; x_wconf 80' lang='lat' dir='ltr'>0ch</span> <span class='ocrx_word' id='word_1_105' title='bbox 1031 1153 1083 1216; x_wconf 89' lang='lat' dir='ltr'>de-</span> 
     </span>
     <span class='ocr_line' id='line_1_13' title="bbox 66 1240 1084 1324; baseline 0.002 -20"><span class='ocrx_word' id='word_1_106' title='bbox 66 1243 211 1324; x_wconf 82' lang='lat' dir='ltr'>muntur,</span> <span class='ocrx_word' id='word_1_107' title='bbox 233 1261 301 1304; x_wconf 89' lang='lat' dir='ltr'>uon</span> <span class='ocrx_word' id='word_1_108' title='bbox 324 1240 419 1304; x_wconf 89' lang='lat' dir='ltr'>video</span> <span class='ocrx_word' id='word_1_109' title='bbox 439 1260 534 1323; x_wconf 88' lang='lat' dir='ltr'>quem</span> <span class='ocrx_word' id='word_1_110' title='bbox 554 1240 745 1304; x_wconf 85' lang='lat' dir='ltr'>admodum</span> <span class='ocrx_word' id='word_1_111' title='bbox 765 1262 804 1302; x_wconf 82' lang='lat' dir='ltr'>ex</span> <span class='ocrx_word' id='word_1_112' title='bbox 823 1240 892 1304; x_wconf 89' lang='lat' dir='ltr'>eius</span> <span class='ocrx_word' id='word_1_113' title='bbox 910 1245 1084 1324; x_wconf 86' lang='lat' dir='ltr'>praecepto</span> 
     </span>
     <span class='ocr_line' id='line_1_14' title="bbox 66 1328 1083 1412; baseline 0.001 -19"><span class='ocrx_word' id='word_1_114' title='bbox 66 1329 196 1393; x_wconf 89' lang='lat' dir='ltr'>demam</span> <span class='ocrx_word' id='word_1_115' title='bbox 226 1331 354 1392; x_wconf 83' lang='lat' dir='ltr'>sextam</span> <span class='ocrx_word' id='word_1_116' title='bbox 383 1334 510 1411; x_wconf 88' lang='lat' dir='ltr'>partem</span> <span class='ocrx_word' id='word_1_117' title='bbox 541 1332 574 1391; x_wconf 90' lang='lat' dir='ltr'>et</span> <span class='ocrx_word' id='word_1_118' title='bbox 604 1328 643 1392; x_wconf 89' lang='lat' dir='ltr'>de</span> <span class='ocrx_word' id='word_1_119' title='bbox 672 1346 738 1391; x_wconf 84' lang='lat' dir='ltr'>xm</span> <span class='ocrx_word' id='word_1_120' title='bbox 768 1329 951 1412; x_wconf 84' lang='lat' dir='ltr'>mancipiis,</span> <span class='ocrx_word' id='word_1_121' title='bbox 981 1331 1083 1394; x_wconf 87' lang='lat' dir='ltr'>nihilo</span> 
     </span>
     <span class='ocr_line' id='line_1_15' title="bbox 65 1417 1083 1502; baseline 0 -21"><span class='ocrx_word' id='word_1_122' title='bbox 65 1417 183 1502; x_wconf 82' lang='lat' dir='ltr'>magis,</span> <span class='ocrx_word' id='word_1_123' title='bbox 201 1417 230 1481; x_wconf 92' lang='lat' dir='ltr'>si</span> <span class='ocrx_word' id='word_1_124' title='bbox 243 1417 377 1480; x_wconf 91' lang='lat' dir='ltr'>vilicum</span> <span class='ocrx_word' id='word_1_125' title='bbox 396 1420 430 1480; x_wconf 89' lang='lat' dir='ltr'>et</span> <span class='ocrx_word' id='word_1_126' title='bbox 445 1417 573 1480; x_wconf 89' lang='lat' dir='ltr'>vilicam</span> <span class='ocrx_word' id='word_1_127' title='bbox 587 1438 764 1498; x_wconf 86' lang='lat' dir='ltr'>removero,</span> <span class='ocrx_word' id='word_1_128' title='bbox 784 1418 934 1499; x_wconf 89' lang='lat' dir='ltr'>quemad</span> <span class='ocrx_word' id='word_1_129' title='bbox 953 1418 1083 1482; x_wconf 92' lang='lat' dir='ltr'>modum</span> 
     </span>
     <span class='ocr_line' id='line_1_16' title="bbox 25 1505 1083 1589; baseline 0.004 -24"><span class='ocrx_word' id='word_1_130' title='bbox 25 1524 105 1570; x_wconf 76' lang='lat' dir='ltr'>nex</span> <span class='ocrx_word' id='word_1_131' title='bbox 129 1523 168 1570; x_wconf 85' lang='lat' dir='ltr'>x1</span> <span class='ocrx_word' id='word_1_132' title='bbox 191 1508 317 1569; x_wconf 84' lang='lat' dir='ltr'>sextam</span> <span class='ocrx_word' id='word_1_133' title='bbox 346 1510 473 1589; x_wconf 82' lang='lat' dir='ltr'>partem</span> <span class='ocrx_word' id='word_1_134' title='bbox 501 1505 637 1569; x_wconf 89' lang='lat' dir='ltr'>demam.</span> <span class='ocrx_word' id='word_1_135' title='bbox 689 1506 774 1587; x_wconf 87' lang='lat' dir='ltr'>quod</span> <span class='ocrx_word' id='word_1_136' title='bbox 803 1512 911 1569; x_wconf 85' lang='lat' dir='ltr'>autem</span> <span class='ocrx_word' id='word_1_137' title='bbox 940 1506 987 1569; x_wconf 90' lang='lat' dir='ltr'>ait</span> <span class='ocrx_word' id='word_1_138' title='bbox 1009 1507 1083 1569; x_wconf 90' lang='lat' dir='ltr'>inc</span> 
     </span>
     <span class='ocr_line' id='line_1_17' title="bbox 64 1593 1083 1679; baseline 0 -21"><span class='ocrx_word' id='word_1_139' title='bbox 64 1593 232 1679; x_wconf 79' lang='lat' dir='ltr'>iugeribus</span> <span class='ocrx_word' id='word_1_140' title='bbox 267 1594 435 1658; x_wconf 88' lang='lat' dir='ltr'>vinearum</span> <span class='ocrx_word' id='word_1_141' title='bbox 469 1615 551 1677; x_wconf 90' lang='lat' dir='ltr'>opus</span> <span class='ocrx_word' id='word_1_142' title='bbox 584 1615 655 1656; x_wconf 89' lang='lat' dir='ltr'>csse</span> <span class='ocrx_word' id='word_1_143' title='bbox 687 1612 736 1656; x_wconf 80' lang='lat' dir='ltr'>xv</span> <span class='ocrx_word' id='word_1_144' title='bbox 769 1593 945 1676; x_wconf 81' lang='lat' dir='ltr'>mancipia,</span> <span class='ocrx_word' id='word_1_145' title='bbox 983 1595 1083 1678; x_wconf 87' lang='lat' dir='ltr'>siquis</span> 
     </span>
     <span class='ocr_line' id='line_1_18' title="bbox 64 1682 1084 1766; baseline 0 -19"><span class='ocrx_word' id='word_1_146' title='bbox 64 1683 201 1747; x_wconf 76' lang='lat' dir='ltr'>habebit</span> <span class='ocrx_word' id='word_1_147' title='bbox 218 1683 406 1765; x_wconf 85' lang='lat' dir='ltr'>centuriam,</span> <span class='ocrx_word' id='word_1_148' title='bbox 425 1704 507 1766; x_wconf 89' lang='lat' dir='ltr'>quae</span> <span class='ocrx_word' id='word_1_149' title='bbox 526 1682 692 1746; x_wconf 88' lang='lat' dir='ltr'>dimidium</span> <span class='ocrx_word' id='word_1_150' title='bbox 711 1682 821 1764; x_wconf 81' lang='lat' dir='ltr'>vineti,</span> <span class='ocrx_word' id='word_1_151' title='bbox 840 1682 1007 1745; x_wconf 90' lang='lat' dir='ltr'>dimidium</span> <span class='ocrx_word' id='word_1_152' title='bbox 1026 1683 1084 1747; x_wconf 92' lang='lat' dir='ltr'>oli·</span> 
     </span>
     <span class='ocr_line' id='line_1_19' title="bbox 64 1770 1083 1855; baseline -0.002 -19"><span class='ocrx_word' id='word_1_153' title='bbox 64 1772 147 1854; x_wconf 85' lang='lat' dir='ltr'>veti,</span> <span class='ocrx_word' id='word_1_154' title='bbox 168 1774 330 1855; x_wconf 82' lang='lat' dir='ltr'>sequetur</span> <span class='ocrx_word' id='word_1_155' title='bbox 356 1774 394 1834; x_wconf 86' lang='lat' dir='ltr'>ut</span> <span class='ocrx_word' id='word_1_156' title='bbox 421 1772 485 1836; x_wconf 93' lang='lat' dir='ltr'>duo</span> <span class='ocrx_word' id='word_1_157' title='bbox 512 1770 626 1836; x_wconf 82' lang='lat' dir='ltr'>vilicos</span> <span class='ocrx_word' id='word_1_158' title='bbox 655 1776 688 1833; x_wconf 90' lang='lat' dir='ltr'>et</span> <span class='ocrx_word' id='word_1_159' title='bbox 715 1771 794 1834; x_wconf 90' lang='lat' dir='ltr'>duas</span> <span class='ocrx_word' id='word_1_160' title='bbox 818 1771 931 1835; x_wconf 88' lang='lat' dir='ltr'>vilicas</span> <span class='ocrx_word' id='word_1_161' title='bbox 955 1772 1083 1855; x_wconf 84' lang='lat' dir='ltr'>habeat,</span> 
     </span>
     <span class='ocr_line' id='line_1_20' title="bbox 65 1859 1083 1943; baseline 0 -19"><span class='ocrx_word' id='word_1_162' title='bbox 65 1859 154 1943; x_wconf 88' lang='lat' dir='ltr'>quod</span> <span class='ocrx_word' id='word_1_163' title='bbox 177 1867 228 1923; x_wconf 89' lang='lat' dir='ltr'>est</span> <span class='ocrx_word' id='word_1_164' title='bbox 251 1859 471 1923; x_wconf 84' lang='lat' dir='ltr'>deridiculum.</span> <span class='ocrx_word' id='word_1_165' title='bbox 509 1880 608 1942; x_wconf 88' lang='lat' dir='ltr'>quare</span> <span class='ocrx_word' id='word_1_166' title='bbox 627 1859 693 1923; x_wconf 85' lang='lat' dir='ltr'>alia</span> <span class='ocrx_word' id='word_1_167' title='bbox 711 1859 839 1923; x_wconf 84' lang='lat' dir='ltr'>ratione</span> <span class='ocrx_word' id='word_1_168' title='bbox 860 1860 974 1924; x_wconf 91' lang='lat' dir='ltr'>modus</span> <span class='ocrx_word' id='word_1_169' title='bbox 994 1882 1083 1924; x_wconf 84' lang='lat' dir='ltr'>man-</span> 
     </span>
     <span class='ocr_line' id='line_1_21' title="bbox 26 1947 1113 2033; baseline 0.006 -24"><span class='ocrx_word' id='word_1_170' title='bbox 26 1968 52 2009; x_wconf 76' lang='lat' dir='ltr'>no</span> <span class='ocrx_word' id='word_1_171' title='bbox 65 1948 227 2032; x_wconf 87' lang='lat' dir='ltr'>oipiorum</span> <span class='ocrx_word' id='word_1_172' title='bbox 250 1948 430 2032; x_wconf 79' lang='lat' dir='ltr'>generatim</span> <span class='ocrx_word' id='word_1_173' title='bbox 453 1951 504 2011; x_wconf 88' lang='lat' dir='ltr'>est</span> <span class='ocrx_word' id='word_1_174' title='bbox 526 1947 827 2012; x_wconf 86' lang='lat' dir='ltr'>animadvertendus</span> <span class='ocrx_word' id='word_1_175' title='bbox 857 1954 890 2011; x_wconf 85' lang='lat' dir='ltr'>et</span> <span class='ocrx_word' id='word_1_176' title='bbox 919 1950 1025 2033; x_wconf 84' lang='lat' dir='ltr'>magis</span> <span class='ocrx_word' id='word_1_177' title='bbox 1047 1949 1113 2017; x_wconf 78' lang='lat' dir='ltr'>ind</span> 
     </span>
     <span class='ocr_line' id='line_1_22' title="bbox 65 2035 1082 2122; baseline 0.001 -21"><span class='ocrx_word' id='word_1_178' title='bbox 65 2036 131 2102; x_wconf 86' lang='lat' dir='ltr'>hoe</span> <span class='ocrx_word' id='word_1_179' title='bbox 158 2035 300 2100; x_wconf 82' lang='lat' dir='ltr'>Saserna</span> <span class='ocrx_word' id='word_1_180' title='bbox 327 2036 529 2120; x_wconf 86' lang='lat' dir='ltr'>probandus,</span> <span class='ocrx_word' id='word_1_181' title='bbox 557 2037 612 2120; x_wconf 90' lang='lat' dir='ltr'>qui</span> <span class='ocrx_word' id='word_1_182' title='bbox 640 2037 687 2100; x_wconf 85' lang='lat' dir='ltr'>ait</span> <span class='ocrx_word' id='word_1_183' title='bbox 717 2037 846 2121; x_wconf 85' lang='lat' dir='ltr'>singula</span> <span class='ocrx_word' id='word_1_184' title='bbox 870 2037 983 2122; x_wconf 83' lang='lat' dir='ltr'>iugera</span> <span class='ocrx_word' id='word_1_185' title='bbox 1006 2060 1082 2121; x_wconf 86' lang='lat' dir='ltr'>qua·</span> 
     </span>
     <span class='ocr_line' id='line_1_23' title="bbox 65 2124 1083 2208; baseline 0.001 -19"><span class='ocrx_word' id='word_1_186' title='bbox 65 2125 170 2189; x_wconf 86' lang='lat' dir='ltr'>ternis</span> <span class='ocrx_word' id='word_1_187' title='bbox 193 2125 300 2207; x_wconf 89' lang='lat' dir='ltr'>operis</span> <span class='ocrx_word' id='word_1_188' title='bbox 324 2147 389 2189; x_wconf 91' lang='lat' dir='ltr'>uno</span> <span class='ocrx_word' id='word_1_189' title='bbox 413 2125 561 2208; x_wconf 87' lang='lat' dir='ltr'>operario</span> <span class='ocrx_word' id='word_1_190' title='bbox 585 2124 626 2188; x_wconf 89' lang='lat' dir='ltr'>ad</span> <span class='ocrx_word' id='word_1_191' title='bbox 649 2126 883 2189; x_wconf 85' lang='lat' dir='ltr'>conficiendum</span> <span class='ocrx_word' id='word_1_192' title='bbox 905 2127 984 2190; x_wconf 88' lang='lat' dir='ltr'>satis</span> <span class='ocrx_word' id='word_1_193' title='bbox 1005 2148 1083 2190; x_wconf 87' lang='lat' dir='ltr'>esse.</span> 
     </span>
     <span class='ocr_line' id='line_1_24' title="bbox 66 2211 1084 2297; baseline -0.001 -18"><span class='ocrx_word' id='word_1_194' title='bbox 66 2214 124 2279; x_wconf 81' lang='lat' dir='ltr'>sed</span> <span class='ocrx_word' id='word_1_195' title='bbox 149 2214 178 2277; x_wconf 91' lang='lat' dir='ltr'>si</span> <span class='ocrx_word' id='word_1_196' title='bbox 201 2212 263 2278; x_wconf 90' lang='lat' dir='ltr'>hoc</span> <span class='ocrx_word' id='word_1_197' title='bbox 286 2214 320 2276; x_wconf 89' lang='lat' dir='ltr'>in</span> <span class='ocrx_word' id='word_1_198' title='bbox 339 2211 497 2278; x_wconf 85' lang='lat' dir='ltr'>Sasernae</span> <span class='ocrx_word' id='word_1_199' title='bbox 519 2212 620 2277; x_wconf 90' lang='lat' dir='ltr'>fundo</span> <span class='ocrx_word' id='word_1_200' title='bbox 644 2214 679 2276; x_wconf 90' lang='lat' dir='ltr'>in</span> <span class='ocrx_word' id='word_1_201' title='bbox 699 2213 805 2278; x_wconf 85' lang='lat' dir='ltr'>Gallia</span> <span class='ocrx_word' id='word_1_202' title='bbox 824 2215 996 2297; x_wconf 82' lang='lat' dir='ltr'>satisfuit,</span> <span class='ocrx_word' id='word_1_203' title='bbox 1016 2236 1084 2278; x_wconf 88' lang='lat' dir='ltr'>non</span> 
     </span>
     <span class='ocr_line' id='line_1_25' title="bbox 66 2301 1083 2393; baseline -0.002 -26"><span class='ocrx_word' id='word_1_204' title='bbox 66 2301 223 2393; x_wconf 81' lang='lat' dir='ltr'>continuo</span> <span class='ocrx_word' id='word_1_205' title='bbox 251 2301 401 2365; x_wconf 87' lang='lat' dir='ltr'>idemin</span> <span class='ocrx_word' id='word_1_206' title='bbox 429 2322 508 2385; x_wconf 85' lang='lat' dir='ltr'>agro</span> <span class='ocrx_word' id='word_1_207' title='bbox 531 2301 671 2385; x_wconf 82' lang='lat' dir='ltr'>Ligusco</span> <span class='ocrx_word' id='word_1_208' title='bbox 699 2307 864 2366; x_wconf 88' lang='lat' dir='ltr'>montano.</span> <span class='ocrx_word' id='word_1_209' title='bbox 909 2301 1020 2385; x_wconf 89' lang='lat' dir='ltr'>itaque</span> <span class='ocrx_word' id='word_1_210' title='bbox 1045 2303 1083 2365; x_wconf 88' lang='lat' dir='ltr'>de</span> 
     </span>
     <span class='ocr_line' id='line_1_26' title="bbox 25 2390 1083 2475; baseline 0.004 -24"><span class='ocrx_word' id='word_1_211' title='bbox 25 2409 53 2451; x_wconf 74' lang='lat' dir='ltr'>aa</span> <span class='ocrx_word' id='word_1_212' title='bbox 63 2390 210 2455; x_wconf 85' lang='lat' dir='ltr'>familiae</span> <span class='ocrx_word' id='word_1_213' title='bbox 239 2390 464 2475; x_wconf 85' lang='lat' dir='ltr'>magnitudine</span> <span class='ocrx_word' id='word_1_214' title='bbox 492 2392 525 2454; x_wconf 92' lang='lat' dir='ltr'>et</span> <span class='ocrx_word' id='word_1_215' title='bbox 552 2391 676 2474; x_wconf 89' lang='lat' dir='ltr'>reliquo</span> <span class='ocrx_word' id='word_1_216' title='bbox 705 2391 920 2454; x_wconf 88' lang='lat' dir='ltr'>instrumento</span> <span class='ocrx_word' id='word_1_217' title='bbox 945 2412 1083 2455; x_wconf 87' lang='lat' dir='ltr'>commo-</span> 
     </span>
     <span class='ocr_line' id='line_1_27' title="bbox 64 2478 1112 2563; baseline 0.004 -20"><span class='ocrx_word' id='word_1_218' title='bbox 64 2478 199 2543; x_wconf 83' lang='lat' dir='ltr'>dissime</span> <span class='ocrx_word' id='word_1_219' title='bbox 229 2479 312 2543; x_wconf 91' lang='lat' dir='ltr'>scies</span> <span class='ocrx_word' id='word_1_220' title='bbox 340 2484 496 2563; x_wconf 84' lang='lat' dir='ltr'>quantam</span> <span class='ocrx_word' id='word_1_221' title='bbox 528 2500 635 2561; x_wconf 88' lang='lat' dir='ltr'>pares,</span> <span class='ocrx_word' id='word_1_222' title='bbox 668 2479 696 2543; x_wconf 94' lang='lat' dir='ltr'>si</span> <span class='ocrx_word' id='word_1_223' title='bbox 723 2478 787 2542; x_wconf 89' lang='lat' dir='ltr'>tria</span> <span class='ocrx_word' id='word_1_224' title='bbox 814 2478 1112 2547; x_wconf 68' lang='lat' dir='ltr'>animadverteris?</span> 
     </span>
     <span class='ocr_line' id='line_1_28' title="bbox 64 2566 1084 2652; baseline 0.001 -22"><span class='ocrx_word' id='word_1_225' title='bbox 64 2566 255 2652; x_wconf 83' lang='lat' dir='ltr'>diligenter:</span> <span class='ocrx_word' id='word_1_226' title='bbox 287 2568 322 2631; x_wconf 91' lang='lat' dir='ltr'>in</span> <span class='ocrx_word' id='word_1_227' title='bbox 352 2567 522 2632; x_wconf 83' lang='lat' dir='ltr'>vicinitate</span> <span class='ocrx_word' id='word_1_228' title='bbox 552 2567 686 2651; x_wconf 88' lang='lat' dir='ltr'>praedia</span> <span class='ocrx_word' id='word_1_229' title='bbox 716 2568 806 2632; x_wconf 90' lang='lat' dir='ltr'>cuius</span> <span class='ocrx_word' id='word_1_230' title='bbox 836 2567 924 2630; x_wconf 90' lang='lat' dir='ltr'>modi</span> <span class='ocrx_word' id='word_1_231' title='bbox 954 2568 1021 2631; x_wconf 87' lang='lat' dir='ltr'>sint</span> <span class='ocrx_word' id='word_1_232' title='bbox 1051 2570 1084 2631; x_wconf 91' lang='lat' dir='ltr'>et</span> 
     </span>
     <span class='ocr_line' id='line_1_29' title="bbox 64 2655 1084 2741; baseline -0.001 -20"><span class='ocrx_word' id='word_1_233' title='bbox 64 2660 200 2741; x_wconf 79' lang='lat' dir='ltr'>quauta,</span> <span class='ocrx_word' id='word_1_234' title='bbox 224 2660 257 2720; x_wconf 91' lang='lat' dir='ltr'>et</span> <span class='ocrx_word' id='word_1_235' title='bbox 281 2659 360 2740; x_wconf 85' lang='lat' dir='ltr'>quot</span> <span class='ocrx_word' id='word_1_236' title='bbox 383 2677 528 2740; x_wconf 90' lang='lat' dir='ltr'>quaeque</span> <span class='ocrx_word' id='word_1_237' title='bbox 550 2655 737 2720; x_wconf 88' lang='lat' dir='ltr'>hominibus</span> <span class='ocrx_word' id='word_1_238' title='bbox 761 2657 923 2737; x_wconf 88' lang='lat' dir='ltr'>colantur,</span> <span class='ocrx_word' id='word_1_239' title='bbox 950 2662 982 2720; x_wconf 86' lang='lat' dir='ltr'>et</span> <span class='ocrx_word' id='word_1_240' title='bbox 1005 2661 1084 2741; x_wconf 94' lang='lat' dir='ltr'>quot</span> 
     </span>
     <span class='ocr_line' id='line_1_30' title="bbox 64 2742 1082 2827; baseline 0.001 -19"><span class='ocrx_word' id='word_1_241' title='bbox 64 2742 189 2808; x_wconf 86' lang='lat' dir='ltr'>additis</span> <span class='ocrx_word' id='word_1_242' title='bbox 213 2745 320 2826; x_wconf 90' lang='lat' dir='ltr'>operis</span> <span class='ocrx_word' id='word_1_243' title='bbox 344 2752 401 2808; x_wconf 88' lang='lat' dir='ltr'>aut</span> <span class='ocrx_word' id='word_1_244' title='bbox 423 2744 562 2827; x_wconf 82' lang='lat' dir='ltr'>demptis</span> <span class='ocrx_word' id='word_1_245' title='bbox 587 2745 703 2809; x_wconf 89' lang='lat' dir='ltr'>melius</span> <span class='ocrx_word' id='word_1_246' title='bbox 723 2750 779 2809; x_wconf 89' lang='lat' dir='ltr'>aut</span> <span class='ocrx_word' id='word_1_247' title='bbox 798 2744 938 2809; x_wconf 85' lang='lat' dir='ltr'>deterius</span> <span class='ocrx_word' id='word_1_248' title='bbox 959 2746 1082 2810; x_wconf 87' lang='lat' dir='ltr'>habeas</span> 
     </span>
     <span class='ocr_line' id='line_1_31' title="bbox 25 2831 1083 2918; baseline 0.004 -25"><span class='ocrx_word' id='word_1_249' title='bbox 25 2852 52 2893; x_wconf 77' lang='lat' dir='ltr'>eo</span> <span class='ocrx_word' id='word_1_250' title='bbox 64 2833 202 2898; x_wconf 86' lang='lat' dir='ltr'>cultum.</span> <span class='ocrx_word' id='word_1_251' title='bbox 238 2831 363 2898; x_wconf 85' lang='lat' dir='ltr'>bivium</span> <span class='ocrx_word' id='word_1_252' title='bbox 386 2834 482 2898; x_wconf 89' lang='lat' dir='ltr'>nobis</span> <span class='ocrx_word' id='word_1_253' title='bbox 501 2833 587 2897; x_wconf 90' lang='lat' dir='ltr'>enim</span> <span class='ocrx_word' id='word_1_254' title='bbox 608 2833 649 2898; x_wconf 91' lang='lat' dir='ltr'>ad</span> <span class='ocrx_word' id='word_1_255' title='bbox 667 2834 828 2898; x_wconf 84' lang='lat' dir='ltr'>culturam</span> <span class='ocrx_word' id='word_1_256' title='bbox 847 2834 937 2899; x_wconf 90' lang='lat' dir='ltr'>dedit</span> <span class='ocrx_word' id='word_1_257' title='bbox 957 2838 1083 2918; x_wconf 82' lang='lat' dir='ltr'>natura,</span> 
     </span>
     <span class='ocr_line' id='line_1_32' title="bbox 63 2921 1082 3007; baseline 0 -21"><span class='ocrx_word' id='word_1_258' title='bbox 63 2921 300 3005; x_wconf 85' lang='lat' dir='ltr'>experientiam</span> <span class='ocrx_word' id='word_1_259' title='bbox 329 2924 363 2985; x_wconf 90' lang='lat' dir='ltr'>et</span> <span class='ocrx_word' id='word_1_260' title='bbox 392 2921 620 2987; x_wconf 85' lang='lat' dir='ltr'>imilationem.</span> <span class='ocrx_word' id='word_1_261' title='bbox 671 2922 890 3006; x_wconf 86' lang='lat' dir='ltr'>antiquissimi</span> <span class='ocrx_word' id='word_1_262' title='bbox 918 2923 1082 3007; x_wconf 88' lang='lat' dir='ltr'>agricolae</span> 
     </span>
     <span class='ocr_line' id='line_1_33' title="bbox 61 3009 1082 3098; baseline 0 -23"><span class='ocrx_word' id='word_1_263' title='bbox 61 3009 259 3094; x_wconf 85' lang='lat' dir='ltr'>temptando</span> <span class='ocrx_word' id='word_1_264' title='bbox 273 3009 427 3094; x_wconf 89' lang='lat' dir='ltr'>pleraque</span> <span class='ocrx_word' id='word_1_265' title='bbox 438 3010 686 3092; x_wconf 88' lang='lat' dir='ltr'>constituerunt,</span> <span class='ocrx_word' id='word_1_266' title='bbox 701 3011 795 3076; x_wconf 91' lang='lat' dir='ltr'>liberi</span> <span class='ocrx_word' id='word_1_267' title='bbox 805 3033 915 3074; x_wconf 88' lang='lat' dir='ltr'>eorum</span> <span class='ocrx_word' id='word_1_268' title='bbox 928 3033 1082 3098; x_wconf 84' lang='lat' dir='ltr'>magnam</span> 
     </span>
     <span class='ocr_line' id='line_1_34' title="bbox 25 3097 1113 3192; baseline 0.001 -28"><span class='ocrx_word' id='word_1_269' title='bbox 25 3128 30 3135; x_wconf 93' lang='lat'>·</span> <span class='ocrx_word' id='word_1_270' title='bbox 62 3104 195 3185; x_wconf 83' lang='lat' dir='ltr'>partem</span> <span class='ocrx_word' id='word_1_271' title='bbox 222 3097 391 3163; x_wconf 85' lang='lat' dir='ltr'>imitando.</span> <span class='ocrx_word' id='word_1_272' title='bbox 435 3120 496 3192; x_wconf 74' lang='lat' dir='ltr'>uos</span> <span class='ocrx_word' id='word_1_273' title='bbox 525 3103 698 3184; x_wconf 85' lang='lat' dir='ltr'>utrumque</span> <span class='ocrx_word' id='word_1_274' title='bbox 725 3100 832 3164; x_wconf 87' lang='lat' dir='ltr'>facere</span> <span class='ocrx_word' id='word_1_275' title='bbox 860 3100 1027 3178; x_wconf 87' lang='lat' dir='ltr'>debemus,</span> <span class='ocrx_word' id='word_1_276' title='bbox 1050 3104 1113 3167; x_wconf 82' lang='lat' dir='ltr'>ets</span> 
     </span>
    </p>
   </div>
   <div class='ocr_carea' id='block_1_3' title="bbox 62 3254 1083 3398">
    <p class='ocr_par' dir='ltr' id='par_1_3' title="bbox 62 3254 1083 3398">
     <span class='ocr_line' id='line_1_35' title="bbox 155 3254 1083 3326; baseline 0 -16"><span class='ocrx_word' id='word_1_277' title='bbox 155 3255 307 3310; x_wconf 77' lang='lat' dir='ltr'>bmaioris</span> <span class='ocrx_word' id='word_1_278' title='bbox 326 3254 425 3310; x_wconf 87' lang='lat' dir='ltr'>modos</span> <span class='ocrx_word' id='word_1_279' title='bbox 505 3255 588 3326; x_wconf 77' lang='lat' dir='ltr'>rsit]</span> <span class='ocrx_word' id='word_1_280' title='bbox 608 3254 632 3310; x_wconf 90' lang='lat' dir='ltr'>si</span> <span class='ocrx_word' id='word_1_281' title='bbox 711 3263 743 3311; x_wconf 89' lang='lat'>11</span> <span class='ocrx_word' id='word_1_282' title='bbox 764 3256 832 3326; x_wconf 85' lang='lat' dir='ltr'>sint]</span> <span class='ocrx_word' id='word_1_283' title='bbox 853 3256 890 3310; x_wconf 87' lang='lat' dir='ltr'>sit</span> <span class='ocrx_word' id='word_1_284' title='bbox 952 3262 987 3311; x_wconf 76' lang='lat'>23</span> <span class='ocrx_word' id='word_1_285' title='bbox 1005 3254 1083 3325; x_wconf 82' lang='lat' dir='ltr'>galia</span> 
     </span>
     <span class='ocr_line' id='line_1_36' title="bbox 62 3326 505 3398; baseline 0 -17"><span class='ocrx_word' id='word_1_286' title='bbox 62 3332 99 3383; x_wconf 75' lang='lat'>28</span> <span class='ocrx_word' id='word_1_287' title='bbox 118 3327 203 3398; x_wconf 81' lang='lat' dir='ltr'>quot]</span> <span class='ocrx_word' id='word_1_288' title='bbox 223 3326 298 3395; x_wconf 90' lang='lat' dir='ltr'>quod</span> <span class='ocrx_word' id='word_1_289' title='bbox 317 3331 430 3396; x_wconf 76' lang='lat' dir='ltr'>atroque</span> <span class='ocrx_word' id='word_1_290' title='bbox 447 3327 505 3381; x_wconf 87' lang='lat' dir='ltr'>loco</span> 
     </span>
    </p>
   </div>
   <div class='ocr_carea' id='block_1_4' title="bbox 156 3467 665 3538">
    <p class='ocr_par' dir='ltr' id='par_1_4' title="bbox 156 3467 665 3538">
     <span class='ocr_line' id='line_1_37' title="bbox 156 3467 665 3538; baseline 0.004 -17"><span class='ocrx_word' id='word_1_291' title='bbox 156 3473 171 3521; x_wconf 74' lang='lat'><strong>7</strong></span> <span class='ocrx_word' id='word_1_292' title='bbox 191 3468 267 3537; x_wconf 89' lang='lat' dir='ltr'>quod</span> <span class='ocrx_word' id='word_1_293' title='bbox 285 3467 323 3522; x_wconf 84' lang='lat' dir='ltr'>sit</span> <span class='ocrx_word' id='word_1_294' title='bbox 341 3467 522 3538; x_wconf 83' lang='lat' dir='ltr'>confragosus</span> <span class='ocrx_word' id='word_1_295' title='bbox 541 3468 665 3538; x_wconf 79' lang='lat' dir='ltr'>Scaliper</span> 
     </span>
    </p>
   </div>
   <div class='ocr_carea' id='block_1_5' title="bbox 0 0 1220 3952">
    <p class='ocr_par' dir='ltr' id='par_1_5' title="bbox 0 0 1220 3952">
     <span class='ocr_line' id='line_1_38' title="bbox 0 0 1220 3952; baseline 0 0"><span class='ocrx_word' id='word_1_296' title='bbox 0 0 1220 3952; x_wconf 95' lang='lat' dir='ltr'> </span> 
     </span>
    </p>
   </div>
  </div>
 </body>
</html>
