2430 3952
131 215 194 277 166
244 212 430 278 VARRONIS
449 212 580 266 RERVM
599 211 836 267 RVSTICARVM
854 211 921 267 LIB.
941 212 980 265 Ill
1001 220 1032 266 17

129 362 163 423 in
187 359 337 442 piscinas,
363 359 417 442 qui
440 358 602 443 reciproce
625 357 762 422 fluerent
780 358 879 440 ipsae,
902 355 1056 440 Neptuno
1079 378 1147 422 non

130 448 241 512 cedere
266 447 304 511 de
327 448 463 530 piscatu.
493 448 613 510 factum
638 468 708 510 esse
731 446 817 509 enim
842 452 879 509 ut
898 447 1019 510 amicos
1038 446 1147 528 pisces

130 559 205 601 suos
234 536 382 600 videatur
409 541 543 619 propter
571 541 679 599 aestus
709 535 856 598 eduxisse
884 536 917 598 in
951 532 1021 598 loca
1054 534 1146 619 frigi-

130 625 234 708 diora,
264 630 298 688 ut
321 624 423 707 Apuli
446 625 552 688 solent
575 623 719 707 pecuarii
742 623 856 705 facere,
886 624 940 706 qui
964 645 1022 706 per
1045 623 1146 686 colles

128 714 162 776 in
192 717 317 776 montes
348 711 488 777 Sabinos
519 735 616 796 pecus
645 711 773 777 ducunt.
820 713 854 775 in
882 711 1006 775 Baiano
1036 717 1146 775 autem
1172 732 1185 773 s

130 802 302 866 aedificans
326 806 420 865 tenta
444 802 579 865 ardebat
602 823 687 883 cura,
709 805 747 864 ut
766 800 942 864 architecto
961 800 1148 884 permiserit

130 891 181 955 vel
209 896 246 953 ut
275 913 367 954 suam
395 891 563 974 pecuniam
591 893 804 971 consumeret,
831 888 1003 952 dummodo
1033 888 1147 971 perdu-

130 987 217 1043 ceret
231 1001 345 1062 specus
361 1001 378 1041 c
393 979 526 1062 piscinis
546 979 581 1043 in
595 1000 683 1041 mare
699 979 826 1042 obiecta
841 978 936 1060 mole,
956 999 1019 1060 qua
1034 980 1146 1040 aestus

129 1069 181 1132 bis
210 1068 327 1145 cotidie
356 1069 397 1131 ab
426 1073 538 1132 exorta
565 1068 642 1131 luna
671 1067 712 1130 cd
740 1067 921 1149 proximam
949 1087 1069 1130 novam
1100 1067 1147 1130 in·

130 1157 230 1222 troire
255 1179 291 1220 ac
314 1156 418 1218 redire
442 1177 553 1220 rursus
578 1156 611 1218 in
636 1177 726 1219 mare
750 1159 861 1238 posset
883 1177 920 1218 ac
950 1154 1186 1239 refrigerarem

130 1267 282 1329 piscinae.

38 1365 40 1372 ·
79 1344 120 1400 10
220 1331 290 1397 Nos
319 1331 407 1397 haec.
459 1337 493 1396 at
521 1333 676 1416 strepitus
705 1333 745 1395 ab
775 1333 888 1396 dextra
916 1337 949 1395 ct
976 1354 1048 1395 cum
1079 1332 1148 1395 lata

131 1422 322 1486 candidatus
350 1426 461 1485 noster
494 1421 681 1506 designatus
715 1420 829 1484 aedilis
864 1423 925 1502 [se]
959 1420 992 1483 in
1025 1421 1148 1484 villam.

131 1511 183 1575 eui
210 1533 270 1574 nos
295 1510 474 1574 oceedimus
504 1515 537 1574 et
564 1510 719 1594 gratulati
748 1510 782 1572 in
812 1509 1010 1592 Capitolium
1037 1531 1148 1592 perse-

131 1600 268 1684 quimur.
314 1599 367 1662 ille
396 1601 468 1663 iude
497 1599 579 1663 endo
608 1621 698 1662 suam
731 1597 879 1681 domum,
906 1619 966 1662 nos
989 1603 1186 1676 postremis

132 1712 150 1753 ο
180 1688 274 1751 Pinni
303 1694 428 1769 noster,
461 1709 609 1752 sermone
646 1687 684 1750 de
712 1688 861 1769 pastione
891 1686 1032 1751 villatica
1061 1708 1147 1751 sum-

132 1778 245 1840 matim
269 1776 340 1856 hoc,
364 1798 459 1859 quem
484 1776 626 1859 exposui,
648 1775 772 1839 habito.

222 1967 391 2029 lreciproci
438 1966 587 2020 2cederet
632 1966 744 2035 3suos]
763 1968 826 2018 tuos
876 1965 1034 2035 epecoarii
1083 1965 1146 2037 qui]

132 2039 206 2108 quod
278 2037 365 2092 colles
437 2043 570 2092 dautem
595 2036 758 2107 aedifica-ns]
785 2038 834 2090 aut
852 2035 926 2090 ardis
1000 2036 1149 2092 Sobiecte

132 2108 219 2179 mole]
238 2107 415 2162 obiectuculo
453 2115 468 2161 9
488 2108 644 2176 proximum
688 2113 720 2162 12
741 2124 796 2160 non
815 2109 884 2162 haec
903 2109 939 2162 cd
958 2107 1091 2176 strepitus
1111 2109 1148 2162 ad

72 2199 73 2203 ¹
133 2180 231 2233 dextra
304 2186 337 2232 14
361 2177 513 2233 occidimus
588 2185 620 2232 16
640 2196 656 2232 o
675 2177 769 2249 Pinni]
789 2178 914 2246 opinioni
988 2185 1020 2232 17
1040 2179 1147 2234 habito.

132 2269 168 2304 m.
188 2250 315 2305 uarronie
333 2266 425 2304 rerum
444 2250 611 2304 rusticarum
629 2249 677 2303 lib.
693 2249 732 2302 111
751 2248 867 2318 explicit

223 2435 357 2483 3suoso
429 2428 517 2496 4qui
541 2428 658 2482 Ursinus
731 2432 872 2480 muoso
946 2433 979 2480 13
998 2427 1098 2481 aedilis
1117 2427 1148 2481 in

133 2498 231 2552 uillam
250 2516 265 2552 v
341 2506 373 2551 14
393 2498 552 2552 occodimus
572 2498 753 2552 Schneiderus
826 2503 859 2551 16
875 2514 891 2551 o
906 2497 989 2551 Pinni
1007 2498 1148 2554 Mercerus

133 2572 165 2623 iu
186 2570 251 2624 Tac.
271 2569 366 2623 ouuol.
387 2570 449 2621 ΙΙΙ
466 2573 502 2624 42
