2430 3952
261 217 391 272 RERVM
410 216 644 272 RVSTICARVM
662 217 727 272 LIB.
742 218 754 271 I
770 224 875 274 13-14
1034 219 1075 282 31

62 363 195 428 Luculli
218 363 307 427 villis
330 361 475 447 pessimo
491 362 621 445 publico
641 363 818 428 aedificatis
837 367 974 429 certant.
1014 386 1077 447 quo

60 453 98 517 hi
116 452 268 516 laborant
285 455 323 515 ut
341 455 488 533 spectent
507 474 565 514 sua
584 452 707 515 aestiva
726 453 905 517 triclinaria
920 454 960 517 ad
974 453 1077 536 frigus

62 540 212 618 orientis,
240 539 377 604 hiberna
405 539 445 603 ad
471 540 573 604 solem
596 540 743 605 occident
729 546 809 642 tem,
837 546 895 624 pot
881 543 946 605 tius
971 563 1077 625 quam,

61 633 100 694 ut
124 629 302 713 antiqui,
292 651 327 691 1n
350 650 448 713 quam
471 633 547 711 part
548 651 599 691 em
624 629 704 693 cella
727 631 852 693 vinaria
876 634 932 695 aut
955 630 1077 694 olearia

10 717 222 831 ,sfenastras
246 717 388 797 haberet,
412 739 485 782 cum
509 717 594 780 fruct
580 721 633 780 tus
656 718 690 780 in
714 740 752 781 ea
775 719 918 782 vinarius
942 725 1077 801 quaerat

10 786 104 872 ad
136 806 223 871 dolia
255 827 329 870 aera
361 766 625 890 fiigidiorem,i
613 809 692 869 rtem
726 807 848 870 olearia
880 807 1076 872 calidiorem.

61 895 142 959 item
169 893 278 959 videre
304 897 448 995 oportet,
477 894 504 957 si
534 898 585 958 est
612 895 717 977 collis,
742 896 807 959 nisi
831 897 908 979 quid
931 896 1076 979 impedit,

61 988 99 1049 ut
122 983 172 1047 ibi
194 983 402 1067 potissimum
425 986 567 1067 ponatur
590 984 676 1046 villa.

151 1070 248 1136 Nunc
275 1071 313 1135 dc
342 1072 478 1156 saeptis,
505 1093 587 1154 quae
614 1071 745 1136 tutandi
774 1068 880 1137 causa
896 1071 991 1136 tundi
1019 1076 1147 1140 autXlV

25 1188 49 1228 ιο
62 1161 167 1245 partis
204 1161 300 1244 fiant,
331 1160 445 1225 dicam
501 1165 662 1223 earumt
648 1161 823 1224 tutelarum
860 1183 981 1246 genera
1013 1180 1077 1246 1111,

61 1272 163 1314 unum
181 1250 340 1329 naturale,
357 1249 404 1311 alt
391 1253 496 1311 terum
511 1253 649 1332 agreste,
668 1254 732 1313 tter
734 1250 800 1312 ium
815 1250 900 1314 milit
887 1257 955 1314 tare
956 1273 1076 1335 ,-quar

62 1341 134 1402 tum
167 1338 292 1402 fabrile,
347 1337 464 1400 horum
500 1360 600 1401 unum
634 1338 783 1421 quodque
815 1340 938 1423 species
977 1340 1078 1402 habet

60 1427 181 1511 plures.
227 1427 368 1509 primum
395 1427 545 1490 naturale
573 1428 755 1509 saepiment
756 1449 824 1508 um,
853 1419 938 1511 quoti
968 1429 1077 1510 opseri

62 1516 148 1580 solet
176 1513 328 1598 virgultis
358 1517 414 1578 aut
437 1514 554 1598 spinis,
578 1515 662 1596 quod
685 1515 785 1578 habet
807 1516 931 1579 radices
956 1538 993 1580 ac
1019 1517 1075 1594 [vi-

22 1630 48 1670 rs
63 1625 122 1670 vae
153 1603 275 1686 saepis]
309 1603 544 1686 praetereuntis
577 1603 691 1667 lascivi
723 1625 789 1666 non
822 1607 944 1667 metuet
971 1604 1075 1666 facem

62 1692 238 1757 ardentem.
294 1691 433 1756 secunda
466 1713 560 1774 saeps
595 1696 644 1755 est
675 1691 854 1775 agrestise
882 1693 985 1777 liguo,
1018 1693 1103 1754 sed2

60 1803 129 1846 non
161 1780 254 1845 vivit:
287 1780 325 1844 fit
352 1783 409 1844 aut
435 1780 518 1863 palis
552 1780 682 1844 statutis
713 1780 834 1844 crebris
863 1783 895 1843 et
923 1781 1074 1865 virgultis

59 1869 228 1954 lnplicatis
252 1872 309 1933 aut
331 1869 408 1933 latis
430 1868 604 1952 perforatis
629 1873 661 1932 et
683 1891 741 1951 per
764 1891 803 1932 ea
825 1869 988 1933 foramina
1009 1873 1074 1933 tra·

10 1972 17 1989 ⁸
60 1958 155 2023 iectis
178 1958 327 2040 longuris
350 1956 417 2021 fere
441 1957 525 2020 binis
551 1962 607 2021 aut
629 1958 729 2021 ternis
759 1961 816 2021 aut
840 1980 877 2021 ex
901 1959 1073 2023 arboribus

20 2047 184 2112 sotruucis
212 2046 360 2109 demissis
388 2046 422 2108 in
449 2050 569 2110 terram
593 2046 743 2128 deinceps
767 2047 963 2112 constitutis.
1009 2050 1074 2110 ter-

58 2136 144 2200 tium
167 2135 309 2198 militare
333 2134 570 2216 saepimentum
591 2139 640 2198 est
658 2135 748 2198 fossa
768 2138 800 2198 et
818 2139 942 2200 terreus
963 2156 1071 2219 agger.

59 2224 118 2289 scd
141 2223 231 2288 fossa
254 2223 301 2287 ita
324 2223 452 2301 idonea,
477 2225 504 2287 si
527 2246 656 2287 omnem
680 2245 813 2306 aquarn,
837 2246 918 2307 quae
943 2246 959 2288 e
984 2224 1072 2287 caelo

57 2313 163 2394 venit,
192 2312 332 2394 recipere
359 2314 470 2395 potest
498 2315 554 2375 aut
581 2311 750 2394 fastigium
778 2312 890 2394 habet,
918 2317 956 2376 ut
979 2317 1073 2376 exeat

58 2423 75 2465 e
94 2401 206 2466 fundo.
243 2420 341 2484 agger
360 2403 388 2463 is
407 2400 521 2483 bonus,
545 2401 600 2483 qui
623 2400 817 2464 intrinsecus
836 2402 965 2464 iunctus
984 2401 1101 2463 fossa3

19 2493 117 2555 aaut
145 2490 195 2555 ita
223 2490 354 2570 arduus,
381 2492 419 2552 ut
447 2510 521 2552 eum
549 2488 776 2552 transcendere
804 2510 870 2552 non
899 2490 943 2552 sit
969 2488 1073 2551 facilc.

56 2579 121 2643 hcc
145 2598 247 2662 genus
272 2599 384 2660 saepes
408 2577 477 2640 fieri
501 2577 676 2640 secundum
703 2577 772 2640 vias
796 2577 941 2659 publicas
966 2577 1074 2640 solent

58 2671 92 2732 et
110 2665 288 2732 secundum
307 2687 428 2729 amnes.
456 2666 496 2729 ad
516 2666 600 2729 viam
617 2663 777 2729 Salariam
792 2667 827 2729 in
844 2685 923 2748 agro
939 2664 1073 2730 Crustu·

56 2756 147 2820 minc
169 2754 275 2820 videre
295 2754 369 2819 licet
387 2755 468 2818 locis
489 2755 615 2836 aliquot
633 2755 820 2819 coniunctos
844 2775 979 2840 aggeres
1000 2777 1072 2819 cum

55 2844 170 2926 fossis,
197 2865 238 2907 ne
265 2843 386 2907 flumen
411 2843 499 2928 agris
526 2848 651 2908 noceat.
697 2864 833 2928 aggeres
855 2843 980 2908 faciunt
1004 2844 1073 2907 siue

56 2969 274 2980 ’.ψ-

148 3034 314 3090 2laborent
403 3033 468 3088 bin
488 3051 520 3088 eo
600 3036 667 3088 8ut
685 3034 733 3089 ubi
818 3040 849 3087 16
869 3035 991 3089 secunda
1010 3050 1072 3102 seps

56 3107 194 3177 (secunda
213 3122 310 3175 saepes
335 3107 373 3175 V)
396 3110 491 3160 estex
510 3105 616 3174 agresti
635 3105 729 3174 eligno
821 3110 854 3159 17
873 3105 977 3160 crebris
1002 3106 1072 3158 euir-

54 3179 146 3318 gqutqs
237 3183 270 3231 21
290 3193 359 3247 ager
378 3179 477 3247 (agger
501 3177 539 3245 V)
622 3182 655 3230 24
675 3177 786 3246 aggeris
806 3176 895 3230 bonus
969 3182 1002 3230 28
1022 3175 1072 3229 ali-

146 3426 345 3481 tlaborautu
418 3429 434 3478 ὃ
454 3425 483 3478 in
502 3441 536 3479 ea
554 3425 702 3480 Iucundos
780 3430 795 3477 8
814 3424 847 3476 ut
864 3424 905 3478 ibi
924 3425 980 3477 cod.
1003 3423 1072 3476 Por.

56 3504 90 3554 14
109 3499 193 3553 vivae
213 3497 305 3567 saepis
324 3497 439 3551 inclusit
459 3497 594 3552 Gesucrus
666 3501 699 3550 17
720 3493 824 3550 crebris
847 3499 876 3549 ct
894 3493 1026 3562 uirgultis
1045 3511 1072 3547 ua

53 3577 79 3627 ct
98 3570 158 3639 cod.
179 3567 260 3624 Flor.
333 3573 367 3623 24
387 3583 474 3637 agger
492 3567 516 3620 is
536 3569 625 3622 bonus
643 3567 788 3622 Iucuuctus
