<?xml version="1.0" encoding="UTF-8"?>
<!DOCTYPE html PUBLIC "-//W3C//DTD XHTML 1.0 Transitional//EN"
    "http://www.w3.org/TR/xhtml1/DTD/xhtml1-transitional.dtd">
<html xmlns="http://www.w3.org/1999/xhtml" xml:lang="en" lang="en">
 <head>
  <title>
</title>
<meta http-equiv="Content-Type" content="text/html;charset=utf-8" />
  <meta name='ocr-system' content='tesseract 3.04.00' />
  <meta name='ocr-capabilities' content='ocr_page ocr_carea ocr_par ocr_line ocrx_word'/>
</head>
<body>
  <div class='ocr_page' id='page_1' title='image "./mterentivarroni01keilgoog/mterentivarroni01keilgoog_0180.png"; bbox 0 0 2430 3952; ppageno 0'>
   <div class='ocr_carea' id='block_1_1' title="bbox 294 173 1092 239">
    <p class='ocr_par' dir='ltr' id='par_1_1' title="bbox 294 173 1092 239">
     <span class='ocr_line' id='line_1_1' title="bbox 294 173 1092 239; baseline 0.013 -11"><span class='ocrx_word' id='word_1_1' title='bbox 294 175 424 229; x_wconf 80' lang='lat' dir='ltr'><strong>RERVM</strong></span> <span class='ocrx_word' id='word_1_2' title='bbox 441 173 677 229; x_wconf 74' lang='lat' dir='ltr'><strong>Rvsrlcluvlr</strong></span> <span class='ocrx_word' id='word_1_3' title='bbox 696 174 763 229; x_wconf 86' lang='lat' dir='ltr'>LIB.</span> <span class='ocrx_word' id='word_1_4' title='bbox 778 174 817 228; x_wconf 95' lang='lat' dir='ltr'><strong>III</strong></span> <span class='ocrx_word' id='word_1_5' title='bbox 833 180 865 228; x_wconf 91' lang='grc'><strong>16</strong></span> <span class='ocrx_word' id='word_1_6' title='bbox 1028 174 1092 239; x_wconf 85' lang='grc'>159</span> 
     </span>
    </p>
   </div>
   <div class='ocr_carea' id='block_1_2' title="bbox 10 318 1146 2789">
    <p class='ocr_par' dir='ltr' id='par_1_2' title="bbox 53 318 1144 932">
     <span class='ocr_line' id='line_1_2' title="bbox 80 318 1092 404; baseline -0.001 -20"><span class='ocrx_word' id='word_1_7' title='bbox 80 321 189 404; x_wconf 88' lang='lat' dir='ltr'><strong>potius</strong></span> <span class='ocrx_word' id='word_1_8' title='bbox 218 341 313 402; x_wconf 87' lang='lat' dir='ltr'><strong>quarn</strong></span> <span class='ocrx_word' id='word_1_9' title='bbox 342 319 489 402; x_wconf 89' lang='lat' dir='ltr'><strong>hiberno,</strong></span> <span class='ocrx_word' id='word_1_10' title='bbox 518 318 602 403; x_wconf 90' lang='lat' dir='ltr'><strong>quod</strong></span> <span class='ocrx_word' id='word_1_11' title='bbox 631 318 736 383; x_wconf 90' lang='lat' dir='ltr'><strong>hieme</strong></span> <span class='ocrx_word' id='word_1_12' title='bbox 764 318 936 383; x_wconf 83' lang='lat' dir='ltr'><strong>difficulter</strong></span> <span class='ocrx_word' id='word_1_13' title='bbox 959 340 1092 383; x_wconf 90' lang='lat' dir='ltr'><strong>consue-</strong></span> 
     </span>
     <span class='ocr_line' id='line_1_3' title="bbox 81 406 1092 492; baseline -0.003 -20"><span class='ocrx_word' id='word_1_14' title='bbox 81 412 175 473; x_wconf 88' lang='lat' dir='ltr'><strong>scunt</strong></span> <span class='ocrx_word' id='word_1_15' title='bbox 204 408 316 492; x_wconf 88' lang='lat' dir='ltr'><strong>[quod]</strong></span> <span class='ocrx_word' id='word_1_16' title='bbox 345 409 523 472; x_wconf 81' lang='lat' dir='ltr'><strong>translatae</strong></span> <span class='ocrx_word' id='word_1_17' title='bbox 551 428 696 485; x_wconf 88' lang='lat' dir='ltr'><strong>manere,</strong></span> <span class='ocrx_word' id='word_1_18' title='bbox 729 409 838 491; x_wconf 88' lang='lat' dir='ltr'><strong>itaque</strong></span> <span class='ocrx_word' id='word_1_19' title='bbox 867 406 998 490; x_wconf 87' lang='lat' dir='ltr'><strong>fugiunt</strong></span> <span class='ocrx_word' id='word_1_20' title='bbox 1024 406 1092 491; x_wconf 91' lang='lat' dir='ltr'><strong>ple-</strong></span> 
     </span>
     <span class='ocr_line' id='line_1_4' title="bbox 80 495 1093 581; baseline -0.001 -21"><span class='ocrx_word' id='word_1_21' title='bbox 80 518 223 581; x_wconf 87' lang='lat' dir='ltr'><strong>rumque.</strong></span> <span class='ocrx_word' id='word_1_22' title='bbox 271 497 298 560; x_wconf 88' lang='lat' dir='ltr'><strong>si</strong></span> <span class='ocrx_word' id='word_1_23' title='bbox 326 517 342 559; x_wconf 89' lang='lat' dir='ltr'><strong>e</strong></span> <span class='ocrx_word' id='word_1_24' title='bbox 371 497 456 561; x_wconf 90' lang='lat' dir='ltr'><strong>bono</strong></span> <span class='ocrx_word' id='word_1_25' title='bbox 480 497 552 560; x_wconf 90' lang='lat' dir='ltr'><strong>loco</strong></span> <span class='ocrx_word' id='word_1_26' title='bbox 575 496 781 559; x_wconf 75' lang='lat' dir='ltr'><strong>transtuleris</strong></span> <span class='ocrx_word' id='word_1_27' title='bbox 812 517 863 579; x_wconf 90' lang='lat' dir='ltr'><strong>eo,</strong></span> <span class='ocrx_word' id='word_1_28' title='bbox 890 496 947 560; x_wconf 90' lang='lat' dir='ltr'><strong>ubi</strong></span> <span class='ocrx_word' id='word_1_29' title='bbox 975 495 1093 560; x_wconf 89' lang='lat' dir='ltr'><strong>idonea</strong></span> 
     </span>
     <span class='ocr_line' id='line_1_5' title="bbox 79 583 1092 669; baseline -0.001 -21"><span class='ocrx_word' id='word_1_30' title='bbox 79 585 248 668; x_wconf 85' lang='lat' dir='ltr'><strong>pabulatio</strong></span> <span class='ocrx_word' id='word_1_31' title='bbox 272 607 338 649; x_wconf 89' lang='lat' dir='ltr'><strong>non</strong></span> <span class='ocrx_word' id='word_1_32' title='bbox 362 585 414 666; x_wconf 91' lang='lat' dir='ltr'><strong>sit,</strong></span> <span class='ocrx_word' id='word_1_33' title='bbox 437 583 596 669; x_wconf 81' lang='lat' dir='ltr'><strong>fugitivae</strong></span> <span class='ocrx_word' id='word_1_34' title='bbox 618 584 709 647; x_wconf 90' lang='lat' dir='ltr'><strong>fiunt.</strong></span> <span class='ocrx_word' id='word_1_35' title='bbox 754 605 822 665; x_wconf 88' lang='lat' dir='ltr'><strong>nec,</strong></span> <span class='ocrx_word' id='word_1_36' title='bbox 846 585 873 648; x_wconf 92' lang='lat' dir='ltr'><strong>si</strong></span> <span class='ocrx_word' id='word_1_37' title='bbox 897 606 935 648; x_wconf 87' lang='lat' dir='ltr'><strong>ex</strong></span> <span class='ocrx_word' id='word_1_38' title='bbox 959 583 1032 647; x_wconf 86' lang='lat' dir='ltr'><strong>alvo</strong></span> <span class='ocrx_word' id='word_1_39' title='bbox 1056 584 1092 647; x_wconf 87' lang='lat' dir='ltr'><strong>in</strong></span> 
     </span>
     <span class='ocr_line' id='line_1_6' title="bbox 53 671 1091 757; baseline -0.005 -17"><span class='ocrx_word' id='word_1_40' title='bbox 53 673 188 740; x_wconf 76' lang='lat' dir='ltr'><strong>salvum</strong></span> <span class='ocrx_word' id='word_1_41' title='bbox 212 673 247 736; x_wconf 92' lang='lat' dir='ltr'><strong>in</strong></span> <span class='ocrx_word' id='word_1_42' title='bbox 270 673 382 737; x_wconf 90' lang='lat' dir='ltr'><strong>eodem</strong></span> <span class='ocrx_word' id='word_1_43' title='bbox 406 672 477 737; x_wconf 90' lang='lat' dir='ltr'><strong>loco</strong></span> <span class='ocrx_word' id='word_1_44' title='bbox 501 671 642 754; x_wconf 87' lang='lat' dir='ltr'><strong>traicias,</strong></span> <span class='ocrx_word' id='word_1_45' title='bbox 668 673 878 756; x_wconf 83' lang='lat' dir='ltr'><strong>neglegenter</strong></span> <span class='ocrx_word' id='word_1_46' title='bbox 900 672 1091 757; x_wconf 86' lang='lat' dir='ltr'><strong>faciendum,</strong></span> 
     </span>
     <span class='ocr_line' id='line_1_7' title="bbox 81 761 1144 845; baseline -0.001 -20"><span class='ocrx_word' id='word_1_47' title='bbox 81 761 137 826; x_wconf 86' lang='lat' dir='ltr'><strong>sed</strong></span> <span class='ocrx_word' id='word_1_48' title='bbox 159 764 192 824; x_wconf 89' lang='lat' dir='ltr'><strong>ct</strong></span> <span class='ocrx_word' id='word_1_49' title='bbox 214 763 249 825; x_wconf 77' lang='lat' dir='ltr'><strong>iu</strong></span> <span class='ocrx_word' id='word_1_50' title='bbox 271 782 365 843; x_wconf 79' lang='lat' dir='ltr'><strong>quoru</strong></span> <span class='ocrx_word' id='word_1_51' title='bbox 388 761 581 824; x_wconf 88' lang='lat' dir='ltr'><strong>transiturae</strong></span> <span class='ocrx_word' id='word_1_52' title='bbox 605 761 672 824; x_wconf 90' lang='lat' dir='ltr'><strong>sint</strong></span> <span class='ocrx_word' id='word_1_53' title='bbox 692 783 779 845; x_wconf 89' lang='lat' dir='ltr'><strong>apes,</strong></span> <span class='ocrx_word' id='word_1_54' title='bbox 803 783 840 839; x_wconf 79' lang='lat' dir='ltr'><strong>ea</strong></span> <span class='ocrx_word' id='word_1_55' title='bbox 859 761 1003 844; x_wconf 86' lang='lat' dir='ltr'><strong>apiastro</strong></span> <span class='ocrx_word' id='word_1_56' title='bbox 1022 769 1144 845; x_wconf 81' lang='lat' dir='ltr'><strong>per-22</strong></span> 
     </span>
     <span class='ocr_line' id='line_1_8' title="bbox 79 849 1091 932; baseline 0.002 -20"><span class='ocrx_word' id='word_1_57' title='bbox 79 850 235 932; x_wconf 81' lang='lat' dir='ltr'><strong>fricando,</strong></span> <span class='ocrx_word' id='word_1_58' title='bbox 259 850 345 932; x_wconf 93' lang='lat' dir='ltr'><strong>quod</strong></span> <span class='ocrx_word' id='word_1_59' title='bbox 367 849 512 914; x_wconf 90' lang='lat' dir='ltr'><strong>inlicium</strong></span> <span class='ocrx_word' id='word_1_60' title='bbox 535 849 598 913; x_wconf 88' lang='lat' dir='ltr'><strong>hoc</strong></span> <span class='ocrx_word' id='word_1_61' title='bbox 620 849 696 931; x_wconf 89' lang='lat' dir='ltr'><strong>illis,</strong></span> <span class='ocrx_word' id='word_1_62' title='bbox 720 853 753 912; x_wconf 89' lang='lat' dir='ltr'><strong>et</strong></span> <span class='ocrx_word' id='word_1_63' title='bbox 775 849 843 913; x_wconf 83' lang='lat' dir='ltr'><strong>favi</strong></span> <span class='ocrx_word' id='word_1_64' title='bbox 866 849 982 912; x_wconf 87' lang='lat' dir='ltr'><strong>melliti</strong></span> <span class='ocrx_word' id='word_1_65' title='bbox 1003 850 1091 914; x_wconf 89' lang='lat' dir='ltr'><strong>intus</strong></span> 
     </span>
    </p>

    <p class='ocr_par' dir='ltr' id='par_1_3' title="bbox 10 937 1093 1109">
     <span class='ocr_line' id='line_1_9' title="bbox 10 937 1093 1021; baseline 0.001 -19"><span class='ocrx_word' id='word_1_66' title='bbox 10 1011 13 1016; x_wconf 24' lang='lat'><strong>¹</strong></span> <span class='ocrx_word' id='word_1_67' title='bbox 79 938 220 1020; x_wconf 87' lang='lat' dir='ltr'><strong>ponendi</strong></span> <span class='ocrx_word' id='word_1_68' title='bbox 240 960 259 1001; x_wconf 89' lang='lat' dir='ltr'><strong>a</strong></span> <span class='ocrx_word' id='word_1_69' title='bbox 279 937 426 1002; x_wconf 84' lang='lat' dir='ltr'><strong>faucibus</strong></span> <span class='ocrx_word' id='word_1_70' title='bbox 440 959 507 1001; x_wconf 91' lang='lat' dir='ltr'><strong>non</strong></span> <span class='ocrx_word' id='word_1_71' title='bbox 520 937 627 1021; x_wconf 87' lang='lat' dir='ltr'><strong>longe,</strong></span> <span class='ocrx_word' id='word_1_72' title='bbox 645 959 695 1018; x_wconf 89' lang='lat' dir='ltr'><strong>ne,</strong></span> <span class='ocrx_word' id='word_1_73' title='bbox 713 959 785 1001; x_wconf 91' lang='lat' dir='ltr'><strong>cum</strong></span> <span class='ocrx_word' id='word_1_74' title='bbox 805 938 1093 1003; x_wconf 87' lang='lat' dir='ltr'><strong>animadverterint</strong></span> 
     </span>
     <span class='ocr_line' id='line_1_10' title="bbox 80 1025 1093 1109; baseline 0.001 -20"><span class='ocrx_word' id='word_1_75' title='bbox 80 1029 137 1090; x_wconf 89' lang='lat' dir='ltr'><strong>aut</strong></span> <span class='ocrx_word' id='word_1_76' title='bbox 164 1027 309 1108; x_wconf 86' lang='lat' dir='ltr'><strong>inopiam</strong></span> <span class='ocrx_word' id='word_1_77' title='bbox 337 1047 406 1090; x_wconf 88' lang='lat' dir='ltr'><strong>esse</strong></span> <span class='ocrx_word' id='word_1_78' title='bbox 435 1048 453 1086; x_wconf 83' lang='lat'>*</span> <span class='ocrx_word' id='word_1_79' title='bbox 479 1025 631 1089; x_wconf 88' lang='lat' dir='ltr'><strong>habuisse</strong></span> <span class='ocrx_word' id='word_1_80' title='bbox 660 1025 737 1089; x_wconf 89' lang='lat' dir='ltr'><strong>dicit</strong></span> <span class='ocrx_word' id='word_1_81' title='bbox 756 1075 763 1090; x_wconf 92' lang='lat'><strong>.</strong></span> <span class='ocrx_word' id='word_1_82' title='bbox 781 1026 809 1090; x_wconf 90' lang='lat' dir='ltr'><strong>is</strong></span> <span class='ocrx_word' id='word_1_83' title='bbox 839 1027 899 1109; x_wconf 92' lang='lat' dir='ltr'><strong>ait,</strong></span> <span class='ocrx_word' id='word_1_84' title='bbox 926 1047 999 1090; x_wconf 92' lang='lat' dir='ltr'><strong>cum</strong></span> <span class='ocrx_word' id='word_1_85' title='bbox 1028 1026 1093 1090; x_wconf 89' lang='lat' dir='ltr'><strong>sint</strong></span> 
     </span>
    </p>

    <p class='ocr_par' dir='ltr' id='par_1_4' title="bbox 38 1114 1144 1550">
     <span class='ocr_line' id='line_1_11' title="bbox 38 1114 1092 1199; baseline -0.004 -18"><span class='ocrx_word' id='word_1_86' title='bbox 38 1135 156 1197; x_wconf 87' lang='lat' dir='ltr'><strong>1oapes</strong></span> <span class='ocrx_word' id='word_1_87' title='bbox 188 1114 355 1179; x_wconf 88' lang='lat' dir='ltr'><strong>morbidae</strong></span> <span class='ocrx_word' id='word_1_88' title='bbox 386 1117 520 1196; x_wconf 88' lang='lat' dir='ltr'><strong>propter</strong></span> <span class='ocrx_word' id='word_1_89' title='bbox 551 1114 701 1197; x_wconf 90' lang='lat' dir='ltr'><strong>primoris</strong></span> <span class='ocrx_word' id='word_1_90' title='bbox 732 1136 849 1179; x_wconf 88' lang='lat' dir='ltr'><strong>vernos</strong></span> <span class='ocrx_word' id='word_1_91' title='bbox 877 1119 1003 1199; x_wconf 88' lang='lat' dir='ltr'><strong>pastus,</strong></span> <span class='ocrx_word' id='word_1_92' title='bbox 1036 1114 1092 1197; x_wconf 91' lang='lat' dir='ltr'><strong>qui</strong></span> 
     </span>
     <span class='ocr_line' id='line_1_12' title="bbox 81 1202 1104 1288; baseline 0.003 -22"><span class='ocrx_word' id='word_1_93' title='bbox 81 1225 118 1266; x_wconf 92' lang='lat' dir='ltr'><strong>ex</strong></span> <span class='ocrx_word' id='word_1_94' title='bbox 151 1203 286 1268; x_wconf 84' lang='lat' dir='ltr'><strong>fioribus</strong></span> <span class='ocrx_word' id='word_1_95' title='bbox 314 1203 403 1267; x_wconf 89' lang='lat' dir='ltr'><strong>nucis</strong></span> <span class='ocrx_word' id='word_1_96' title='bbox 435 1223 570 1288; x_wconf 82' lang='lat' dir='ltr'><strong>graecae</strong></span> <span class='ocrx_word' id='word_1_97' title='bbox 599 1206 631 1266; x_wconf 89' lang='lat' dir='ltr'><strong>et</strong></span> <span class='ocrx_word' id='word_1_98' title='bbox 658 1224 774 1268; x_wconf 90' lang='lat' dir='ltr'><strong>cornus</strong></span> <span class='ocrx_word' id='word_1_99' title='bbox 803 1202 897 1284; x_wconf 91' lang='lat' dir='ltr'><strong>fiunt,</strong></span> <span class='ocrx_word' id='word_1_100' title='bbox 932 1203 1104 1270; x_wconf 86' lang='lat' dir='ltr'><strong>coeliacus.</strong></span> 
     </span>
     <span class='ocr_line' id='line_1_13' title="bbox 78 1291 1144 1375; baseline 0 -21"><span class='ocrx_word' id='word_1_101' title='bbox 78 1291 149 1354; x_wconf 91' lang='lat' dir='ltr'><strong>fieri</strong></span> <span class='ocrx_word' id='word_1_102' title='bbox 177 1296 273 1374; x_wconf 88' lang='lat' dir='ltr'><strong>atque</strong></span> <span class='ocrx_word' id='word_1_103' title='bbox 302 1291 395 1354; x_wconf 86' lang='lat' dir='ltr'><strong>urina</strong></span> <span class='ocrx_word' id='word_1_104' title='bbox 421 1295 499 1375; x_wconf 85' lang='lat' dir='ltr'><strong>pota</strong></span> <span class='ocrx_word' id='word_1_105' title='bbox 526 1291 724 1359; x_wconf 87' lang='lat' dir='ltr'><strong>reficiendas.</strong></span> <span class='ocrx_word' id='word_1_106' title='bbox 775 1292 936 1374; x_wconf 88' lang='lat' dir='ltr'><strong>propolim</strong></span> <span class='ocrx_word' id='word_1_107' title='bbox 964 1295 1144 1373; x_wconf 81' lang='lat' dir='ltr'><strong>vocant,23</strong></span> 
     </span>
     <span class='ocr_line' id='line_1_14' title="bbox 79 1378 1091 1462; baseline 0.001 -20"><span class='ocrx_word' id='word_1_108' title='bbox 79 1400 96 1442; x_wconf 91' lang='lat' dir='ltr'><strong>e</strong></span> <span class='ocrx_word' id='word_1_109' title='bbox 130 1401 193 1462; x_wconf 92' lang='lat' dir='ltr'><strong>quo</strong></span> <span class='ocrx_word' id='word_1_110' title='bbox 224 1378 347 1443; x_wconf 85' lang='lat' dir='ltr'><strong>faciunt</strong></span> <span class='ocrx_word' id='word_1_111' title='bbox 375 1380 414 1443; x_wconf 92' lang='lat' dir='ltr'><strong>ad</strong></span> <span class='ocrx_word' id='word_1_112' title='bbox 441 1379 587 1443; x_wconf 85' lang='lat' dir='ltr'><strong>foramen</strong></span> <span class='ocrx_word' id='word_1_113' title='bbox 619 1379 772 1443; x_wconf 87' lang='lat' dir='ltr'><strong>introitus</strong></span> <span class='ocrx_word' id='word_1_114' title='bbox 804 1383 986 1462; x_wconf 89' lang='lat' dir='ltr'><strong>protectum</strong></span> <span class='ocrx_word' id='word_1_115' title='bbox 1015 1383 1091 1443; x_wconf 86' lang='lat' dir='ltr'><strong>ante</strong></span> 
     </span>
     <span class='ocr_line' id='line_1_15' title="bbox 80 1467 1091 1550; baseline 0.001 -19"><span class='ocrx_word' id='word_1_116' title='bbox 80 1468 188 1532; x_wconf 83' lang='lat' dir='ltr'><strong>alvum</strong></span> <span class='ocrx_word' id='word_1_117' title='bbox 212 1467 352 1532; x_wconf 86' lang='lat' dir='ltr'><strong>maxime</strong></span> <span class='ocrx_word' id='word_1_118' title='bbox 376 1471 507 1532; x_wconf 85' lang='lat' dir='ltr'><strong>aestate.</strong></span> <span class='ocrx_word' id='word_1_119' title='bbox 551 1489 647 1550; x_wconf 87' lang='lat' dir='ltr'><strong>quarn</strong></span> <span class='ocrx_word' id='word_1_120' title='bbox 671 1489 740 1531; x_wconf 88' lang='lat' dir='ltr'><strong>rem</strong></span> <span class='ocrx_word' id='word_1_121' title='bbox 763 1468 862 1531; x_wconf 87' lang='lat' dir='ltr'><strong>etiam</strong></span> <span class='ocrx_word' id='word_1_122' title='bbox 885 1468 1015 1531; x_wconf 88' lang='lat' dir='ltr'><strong>nomine</strong></span> <span class='ocrx_word' id='word_1_123' title='bbox 1040 1489 1091 1532; x_wconf 90' lang='lat' dir='ltr'><strong>eo·</strong></span> 
     </span>
    </p>

    <p class='ocr_par' dir='ltr' id='par_1_5' title="bbox 38 1556 1092 1993">
     <span class='ocr_line' id='line_1_16' title="bbox 38 1556 1091 1639; baseline -0.004 -17"><span class='ocrx_word' id='word_1_124' title='bbox 38 1583 65 1624; x_wconf 86' lang='lat'><strong>15</strong></span> <span class='ocrx_word' id='word_1_125' title='bbox 80 1557 152 1619; x_wconf 92' lang='lat' dir='ltr'><strong>dem</strong></span> <span class='ocrx_word' id='word_1_126' title='bbox 176 1557 291 1621; x_wconf 88' lang='lat' dir='ltr'><strong>medici</strong></span> <span class='ocrx_word' id='word_1_127' title='bbox 313 1559 448 1620; x_wconf 91' lang='lat' dir='ltr'><strong>utuntur</strong></span> <span class='ocrx_word' id='word_1_128' title='bbox 471 1557 505 1618; x_wconf 87' lang='lat' dir='ltr'><strong>in</strong></span> <span class='ocrx_word' id='word_1_129' title='bbox 529 1556 723 1638; x_wconf 75' lang='lat' dir='ltr'><strong>amplustria,</strong></span> <span class='ocrx_word' id='word_1_130' title='bbox 746 1560 880 1639; x_wconf 90' lang='lat' dir='ltr'><strong>propter</strong></span> <span class='ocrx_word' id='word_1_131' title='bbox 906 1577 1001 1639; x_wconf 88' lang='lat' dir='ltr'><strong>quam</strong></span> <span class='ocrx_word' id='word_1_132' title='bbox 1024 1577 1091 1619; x_wconf 89' lang='lat' dir='ltr'><strong>rem</strong></span> 
     </span>
     <span class='ocr_line' id='line_1_17' title="bbox 79 1644 1089 1727; baseline -0.001 -20"><span class='ocrx_word' id='word_1_133' title='bbox 79 1645 176 1708; x_wconf 89' lang='lat' dir='ltr'><strong>etiam</strong></span> <span class='ocrx_word' id='word_1_134' title='bbox 202 1645 307 1709; x_wconf 87' lang='lat' dir='ltr'><strong>carius</strong></span> <span class='ocrx_word' id='word_1_135' title='bbox 330 1644 364 1707; x_wconf 90' lang='lat' dir='ltr'><strong>in</strong></span> <span class='ocrx_word' id='word_1_136' title='bbox 387 1666 478 1708; x_wconf 86' lang='lat' dir='ltr'><strong>sacra</strong></span> <span class='ocrx_word' id='word_1_137' title='bbox 502 1644 554 1707; x_wconf 89' lang='lat' dir='ltr'><strong>via</strong></span> <span class='ocrx_word' id='word_1_138' title='bbox 577 1666 673 1727; x_wconf 88' lang='lat' dir='ltr'><strong>quam</strong></span> <span class='ocrx_word' id='word_1_139' title='bbox 697 1645 760 1706; x_wconf 90' lang='lat' dir='ltr'><strong>mel</strong></span> <span class='ocrx_word' id='word_1_140' title='bbox 783 1645 881 1709; x_wconf 83' lang='lat' dir='ltr'><strong>venit.</strong></span> <span class='ocrx_word' id='word_1_141' title='bbox 926 1644 1089 1708; x_wconf 88' lang='lat' dir='ltr'><strong>erithaoen</strong></span> 
     </span>
     <span class='ocr_line' id='line_1_18' title="bbox 79 1732 1091 1817; baseline -0.001 -21"><span class='ocrx_word' id='word_1_142' title='bbox 79 1738 206 1813; x_wconf 84' lang='lat' dir='ltr'><strong>vocant,</strong></span> <span class='ocrx_word' id='word_1_143' title='bbox 225 1755 288 1817; x_wconf 93' lang='lat' dir='ltr'><strong>quo</strong></span> <span class='ocrx_word' id='word_1_144' title='bbox 306 1732 399 1797; x_wconf 84' lang='lat' dir='ltr'><strong>favos</strong></span> <span class='ocrx_word' id='word_1_145' title='bbox 418 1736 577 1796; x_wconf 88' lang='lat' dir='ltr'><strong>extremos</strong></span> <span class='ocrx_word' id='word_1_146' title='bbox 597 1733 680 1796; x_wconf 89' lang='lat' dir='ltr'><strong>inter</strong></span> <span class='ocrx_word' id='word_1_147' title='bbox 699 1753 733 1795; x_wconf 90' lang='lat' dir='ltr'><strong>se</strong></span> <span class='ocrx_word' id='word_1_148' title='bbox 752 1733 987 1815; x_wconf 88' lang='lat' dir='ltr'><strong>conglutinant,</strong></span> <span class='ocrx_word' id='word_1_149' title='bbox 1006 1732 1091 1815; x_wconf 87' lang='lat' dir='ltr'><strong>quod</strong></span> 
     </span>
     <span class='ocr_line' id='line_1_19' title="bbox 80 1820 1092 1904; baseline 0.001 -20"><span class='ocrx_word' id='word_1_150' title='bbox 80 1825 130 1885; x_wconf 90' lang='lat' dir='ltr'><strong>est</strong></span> <span class='ocrx_word' id='word_1_151' title='bbox 163 1822 244 1885; x_wconf 86' lang='lat' dir='ltr'><strong>aliut</strong></span> <span class='ocrx_word' id='word_1_152' title='bbox 275 1821 371 1885; x_wconf 91' lang='lat' dir='ltr'><strong>melle</strong></span> <span class='ocrx_word' id='word_1_153' title='bbox 403 1826 432 1885; x_wconf 84' lang='lat' dir='ltr'><strong>et</strong></span> <span class='ocrx_word' id='word_1_154' title='bbox 461 1821 602 1904; x_wconf 91' lang='lat' dir='ltr'><strong>propoli:</strong></span> <span class='ocrx_word' id='word_1_155' title='bbox 639 1821 748 1903; x_wconf 90' lang='lat' dir='ltr'><strong>itaque</strong></span> <span class='ocrx_word' id='word_1_156' title='bbox 775 1820 810 1883; x_wconf 91' lang='lat' dir='ltr'><strong>in</strong></span> <span class='ocrx_word' id='word_1_157' title='bbox 837 1821 899 1884; x_wconf 90' lang='grc'>1100</span> <span class='ocrx_word' id='word_1_158' title='bbox 927 1822 992 1884; x_wconf 84' lang='lat' dir='ltr'><strong>vim</strong></span> <span class='ocrx_word' id='word_1_159' title='bbox 1022 1842 1092 1885; x_wconf 88' lang='lat' dir='ltr'><strong>esse</strong></span> 
     </span>
     <span class='ocr_line' id='line_1_20' title="bbox 79 1909 1092 1993; baseline 0 -21"><span class='ocrx_word' id='word_1_160' title='bbox 79 1909 252 1975; x_wconf 89' lang='lat' dir='ltr'><strong>inliciendi.</strong></span> <span class='ocrx_word' id='word_1_161' title='bbox 289 1911 438 1993; x_wconf 89' lang='lat' dir='ltr'><strong>quocirca</strong></span> <span class='ocrx_word' id='word_1_162' title='bbox 457 1931 591 1974; x_wconf 85' lang='lat' dir='ltr'><strong>examen</strong></span> <span class='ocrx_word' id='word_1_163' title='bbox 610 1909 666 1974; x_wconf 92' lang='lat' dir='ltr'><strong>ubi</strong></span> <span class='ocrx_word' id='word_1_164' title='bbox 687 1910 800 1974; x_wconf 86' lang='lat' dir='ltr'><strong>volunt</strong></span> <span class='ocrx_word' id='word_1_165' title='bbox 819 1910 994 1991; x_wconf 88' lang='lat' dir='ltr'><strong>considere,</strong></span> <span class='ocrx_word' id='word_1_166' title='bbox 1019 1930 1092 1972; x_wconf 91' lang='lat' dir='ltr'><strong>eum</strong></span> 
     </span>
    </p>

    <p class='ocr_par' dir='ltr' id='par_1_6' title="bbox 39 1997 1146 2435">
     <span class='ocr_line' id='line_1_21' title="bbox 39 1997 1091 2082; baseline -0.003 -18"><span class='ocrx_word' id='word_1_167' title='bbox 39 2026 65 2064; x_wconf 79' lang='grc'>10</span> <span class='ocrx_word' id='word_1_168' title='bbox 80 2020 205 2062; x_wconf 89' lang='lat' dir='ltr'><strong>ramum</strong></span> <span class='ocrx_word' id='word_1_169' title='bbox 230 1999 365 2062; x_wconf 81' lang='lat' dir='ltr'><strong>aliamve</strong></span> <span class='ocrx_word' id='word_1_170' title='bbox 390 2020 486 2082; x_wconf 90' lang='lat' dir='ltr'><strong>quam</strong></span> <span class='ocrx_word' id='word_1_171' title='bbox 509 2020 578 2062; x_wconf 90' lang='lat' dir='ltr'><strong>rem</strong></span> <span class='ocrx_word' id='word_1_172' title='bbox 602 1999 753 2062; x_wconf 87' lang='lat' dir='ltr'><strong>oblinunt</strong></span> <span class='ocrx_word' id='word_1_173' title='bbox 776 1998 838 2064; x_wconf 92' lang='lat' dir='ltr'><strong>hoc</strong></span> <span class='ocrx_word' id='word_1_174' title='bbox 862 1997 1006 2062; x_wconf 88' lang='lat' dir='ltr'><strong>admixto</strong></span> <span class='ocrx_word' id='word_1_175' title='bbox 1026 1997 1091 2080; x_wconf 88' lang='lat' dir='ltr'><strong>api·</strong></span> 
     </span>
     <span class='ocr_line' id='line_1_22' title="bbox 79 2087 1146 2172; baseline 0.001 -23"><span class='ocrx_word' id='word_1_176' title='bbox 79 2090 179 2152; x_wconf 79' lang='lat' dir='ltr'><strong>astro,</strong></span> <span class='ocrx_word' id='word_1_177' title='bbox 223 2087 315 2150; x_wconf 83' lang='lat' dir='ltr'><strong>favus</strong></span> <span class='ocrx_word' id='word_1_178' title='bbox 340 2089 405 2168; x_wconf 90' lang='lat' dir='ltr'><strong>est,</strong></span> <span class='ocrx_word' id='word_1_179' title='bbox 429 2109 523 2170; x_wconf 88' lang='lat' dir='ltr'><strong>quem</strong></span> <span class='ocrx_word' id='word_1_180' title='bbox 546 2088 676 2170; x_wconf 88' lang='lat' dir='ltr'><strong>fingunt</strong></span> <span class='ocrx_word' id='word_1_181' title='bbox 697 2087 945 2151; x_wconf 88' lang='lat' dir='ltr'><strong>multicavatum</strong></span> <span class='ocrx_word' id='word_1_182' title='bbox 970 2108 986 2150; x_wconf 90' lang='lat' dir='ltr'><strong>e</strong></span> <span class='ocrx_word' id='word_1_183' title='bbox 1010 2108 1092 2172; x_wconf 88' lang='lat' dir='ltr'><strong>cera,</strong></span> <span class='ocrx_word' id='word_1_184' title='bbox 1103 2092 1146 2150; x_wconf 86' lang='grc'><strong>24</strong></span> 
     </span>
     <span class='ocr_line' id='line_1_23' title="bbox 79 2174 1090 2260; baseline -0.001 -21"><span class='ocrx_word' id='word_1_185' title='bbox 79 2197 152 2239; x_wconf 86' lang='lat' dir='ltr'><strong>cum</strong></span> <span class='ocrx_word' id='word_1_186' title='bbox 181 2175 311 2258; x_wconf 87' lang='lat' dir='ltr'><strong>singula</strong></span> <span class='ocrx_word' id='word_1_187' title='bbox 338 2196 418 2238; x_wconf 77' lang='lat' dir='ltr'><strong>cara</strong></span> <span class='ocrx_word' id='word_1_188' title='bbox 442 2196 519 2238; x_wconf 87' lang='lat' dir='ltr'><strong>sena</strong></span> <span class='ocrx_word' id='word_1_189' title='bbox 542 2174 645 2238; x_wconf 88' lang='lat' dir='ltr'><strong>latera</strong></span> <span class='ocrx_word' id='word_1_190' title='bbox 666 2175 823 2256; x_wconf 90' lang='lat' dir='ltr'><strong>habeant,</strong></span> <span class='ocrx_word' id='word_1_191' title='bbox 846 2178 927 2259; x_wconf 89' lang='lat' dir='ltr'><strong>quot</strong></span> <span class='ocrx_word' id='word_1_192' title='bbox 950 2175 1090 2260; x_wconf 90' lang='lat' dir='ltr'><strong>singulis</strong></span> 
     </span>
     <span class='ocr_line' id='line_1_24' title="bbox 79 2262 1092 2347; baseline 0 -21"><span class='ocrx_word' id='word_1_193' title='bbox 79 2264 177 2347; x_wconf 89' lang='lat' dir='ltr'><strong>pedes</strong></span> <span class='ocrx_word' id='word_1_194' title='bbox 201 2263 288 2326; x_wconf 87' lang='lat' dir='ltr'><strong>dedit</strong></span> <span class='ocrx_word' id='word_1_195' title='bbox 310 2265 435 2327; x_wconf 86' lang='lat' dir='ltr'><strong>natura.</strong></span> <span class='ocrx_word' id='word_1_196' title='bbox 472 2283 576 2345; x_wconf 88' lang='lat' dir='ltr'><strong>neque</strong></span> <span class='ocrx_word' id='word_1_197' title='bbox 599 2283 680 2344; x_wconf 89' lang='lat' dir='ltr'><strong>quae</strong></span> <span class='ocrx_word' id='word_1_198' title='bbox 704 2262 852 2327; x_wconf 86' lang='lat' dir='ltr'><strong>adferunt</strong></span> <span class='ocrx_word' id='word_1_199' title='bbox 875 2263 915 2326; x_wconf 89' lang='lat' dir='ltr'><strong>ad</strong></span> <span class='ocrx_word' id='word_1_200' title='bbox 938 2268 1092 2346; x_wconf 85' lang='lat' dir='ltr'><strong>quattuor</strong></span> 
     </span>
     <span class='ocr_line' id='line_1_25' title="bbox 79 2350 1091 2435; baseline -0.002 -20"><span class='ocrx_word' id='word_1_201' title='bbox 79 2374 131 2416; x_wconf 90' lang='lat' dir='ltr'><strong>res</strong></span> <span class='ocrx_word' id='word_1_202' title='bbox 151 2352 323 2429; x_wconf 75' lang='lat' dir='ltr'><strong>faciendae,</strong></span> <span class='ocrx_word' id='word_1_203' title='bbox 347 2351 517 2434; x_wconf 89' lang='lat' dir='ltr'><strong>propolim,</strong></span> <span class='ocrx_word' id='word_1_204' title='bbox 540 2350 712 2434; x_wconf 87' lang='lat' dir='ltr'><strong>erithacen,</strong></span> <span class='ocrx_word' id='word_1_205' title='bbox 736 2350 855 2435; x_wconf 82' lang='lat' dir='ltr'><strong>favum,</strong></span> <span class='ocrx_word' id='word_1_206' title='bbox 878 2351 953 2434; x_wconf 92' lang='lat' dir='ltr'><strong>mel,</strong></span> <span class='ocrx_word' id='word_1_207' title='bbox 978 2373 1016 2413; x_wconf 91' lang='lat' dir='ltr'><strong>ex</strong></span> <span class='ocrx_word' id='word_1_208' title='bbox 1038 2351 1091 2413; x_wconf 89' lang='lat' dir='ltr'><strong>iis-</strong></span> 
     </span>
    </p>

    <p class='ocr_par' dir='ltr' id='par_1_7' title="bbox 38 2438 1144 2789">
     <span class='ocr_line' id='line_1_26' title="bbox 38 2438 1092 2522; baseline -0.001 -19"><span class='ocrx_word' id='word_1_209' title='bbox 38 2463 65 2504; x_wconf 75' lang='grc'>15</span> <span class='ocrx_word' id='word_1_210' title='bbox 80 2439 152 2504; x_wconf 91' lang='lat' dir='ltr'><strong>dem</strong></span> <span class='ocrx_word' id='word_1_211' title='bbox 171 2440 321 2504; x_wconf 88' lang='lat' dir='ltr'><strong>omnibus</strong></span> <span class='ocrx_word' id='word_1_212' title='bbox 344 2439 441 2503; x_wconf 91' lang='lat' dir='ltr'><strong>rebus</strong></span> <span class='ocrx_word' id='word_1_213' title='bbox 464 2460 594 2521; x_wconf 86' lang='lat' dir='ltr'><strong>carpere</strong></span> <span class='ocrx_word' id='word_1_214' title='bbox 624 2439 742 2503; x_wconf 87' lang='lat' dir='ltr'><strong>dicunt.</strong></span> <span class='ocrx_word' id='word_1_215' title='bbox 788 2438 937 2522; x_wconf 88' lang='lat' dir='ltr'><strong>simplex,</strong></span> <span class='ocrx_word' id='word_1_216' title='bbox 968 2439 1053 2522; x_wconf 89' lang='lat' dir='ltr'><strong>quod</strong></span> <span class='ocrx_word' id='word_1_217' title='bbox 1077 2459 1092 2502; x_wconf 89' lang='lat' dir='ltr'><strong>e</strong></span> 
     </span>
     <span class='ocr_line' id='line_1_27' title="bbox 80 2527 1092 2614; baseline -0.002 -22"><span class='ocrx_word' id='word_1_218' title='bbox 80 2530 166 2594; x_wconf 88' lang='lat' dir='ltr'><strong>malo</strong></span> <span class='ocrx_word' id='word_1_219' title='bbox 194 2530 312 2614; x_wconf 89' lang='lat' dir='ltr'><strong>punico</strong></span> <span class='ocrx_word' id='word_1_220' title='bbox 342 2532 374 2592; x_wconf 88' lang='lat' dir='ltr'><strong>et</strong></span> <span class='ocrx_word' id='word_1_221' title='bbox 402 2549 561 2612; x_wconf 88' lang='lat' dir='ltr'><strong>asparago</strong></span> <span class='ocrx_word' id='word_1_222' title='bbox 594 2528 700 2592; x_wconf 89' lang='lat' dir='ltr'><strong>cibum</strong></span> <span class='ocrx_word' id='word_1_223' title='bbox 733 2532 878 2610; x_wconf 66' lang='lat' dir='ltr'><strong>carpant,</strong></span> <span class='ocrx_word' id='word_1_224' title='bbox 902 2527 1020 2610; x_wconf 91' lang='lat' dir='ltr'><strong>solum,</strong></span> <span class='ocrx_word' id='word_1_225' title='bbox 1052 2549 1092 2591; x_wconf 88' lang='lat' dir='ltr'><strong>ex</strong></span> 
     </span>
     <span class='ocr_line' id='line_1_28' title="bbox 80 2614 1144 2701; baseline -0.003 -19"><span class='ocrx_word' id='word_1_226' title='bbox 80 2619 151 2682; x_wconf 85' lang='lat' dir='ltr'><strong>olea</strong></span> <span class='ocrx_word' id='word_1_227' title='bbox 174 2619 288 2683; x_wconf 86' lang='lat' dir='ltr'><strong>arbore</strong></span> <span class='ocrx_word' id='word_1_228' title='bbox 306 2638 421 2701; x_wconf 86' lang='lat' dir='ltr'><strong>ceram,</strong></span> <span class='ocrx_word' id='word_1_229' title='bbox 445 2639 462 2680; x_wconf 89' lang='lat' dir='ltr'><strong>e</strong></span> <span class='ocrx_word' id='word_1_230' title='bbox 480 2617 542 2681; x_wconf 91' lang='lat' dir='ltr'><strong>fico</strong></span> <span class='ocrx_word' id='word_1_231' title='bbox 561 2617 634 2696; x_wconf 92' lang='lat' dir='ltr'><strong>mel,</strong></span> <span class='ocrx_word' id='word_1_232' title='bbox 658 2616 712 2680; x_wconf 84' lang='lat' dir='ltr'><strong>sed</strong></span> <span class='ocrx_word' id='word_1_233' title='bbox 731 2637 797 2679; x_wconf 88' lang='lat' dir='ltr'><strong>non</strong></span> <span class='ocrx_word' id='word_1_234' title='bbox 816 2617 946 2680; x_wconf 89' lang='lat' dir='ltr'><strong>bonum.</strong></span> <span class='ocrx_word' id='word_1_235' title='bbox 975 2614 1091 2699; x_wconf 89' lang='lat' dir='ltr'><strong>duplex</strong></span> <span class='ocrx_word' id='word_1_236' title='bbox 1103 2621 1144 2679; x_wconf 88' lang='grc'><strong>25</strong></span> 
     </span>
     <span class='ocr_line' id='line_1_29' title="bbox 79 2704 1092 2789; baseline -0.003 -19"><span class='ocrx_word' id='word_1_237' title='bbox 79 2707 294 2770; x_wconf 89' lang='lat' dir='ltr'><strong>ministerium</strong></span> <span class='ocrx_word' id='word_1_238' title='bbox 322 2706 484 2789; x_wconf 88' lang='lat' dir='ltr'><strong>praeberi,</strong></span> <span class='ocrx_word' id='word_1_239' title='bbox 511 2708 548 2768; x_wconf 91' lang='lat' dir='ltr'><strong>ut</strong></span> <span class='ocrx_word' id='word_1_240' title='bbox 579 2727 596 2768; x_wconf 92' lang='lat' dir='ltr'><strong>e</strong></span> <span class='ocrx_word' id='word_1_241' title='bbox 619 2704 703 2789; x_wconf 86' lang='lat' dir='ltr'><strong>faba,</strong></span> <span class='ocrx_word' id='word_1_242' title='bbox 727 2704 885 2787; x_wconf 89' lang='lat' dir='ltr'><strong>apiastro,</strong></span> <span class='ocrx_word' id='word_1_243' title='bbox 916 2704 1092 2787; x_wconf 89' lang='lat' dir='ltr'><strong>cucurbita,</strong></span> 
     </span>
    </p>
   </div>
   <div class='ocr_carea' id='block_1_3' title="bbox 78 2876 1095 3571">
    <p class='ocr_par' dir='ltr' id='par_1_8' title="bbox 78 2876 1095 3302">
     <span class='ocr_line' id='line_1_30' title="bbox 169 2876 1091 2946; baseline -0.001 -16"><span class='ocrx_word' id='word_1_244' title='bbox 169 2883 259 2933; x_wconf 88' lang='grc'>411011</span> <span class='ocrx_word' id='word_1_245' title='bbox 283 2878 340 2932; x_wconf 86' lang='lat' dir='ltr'><strong>sint</strong></span> <span class='ocrx_word' id='word_1_246' title='bbox 413 2877 484 2933; x_wconf 82' lang='grc'>6111</span> <span class='ocrx_word' id='word_1_247' title='bbox 506 2894 591 2946; x_wconf 85' lang='lat' dir='ltr'><strong>quam</strong></span> <span class='ocrx_word' id='word_1_248' title='bbox 613 2894 663 2933; x_wconf 81' lang='lat' dir='ltr'><strong>our.</strong></span> <span class='ocrx_word' id='word_1_249' title='bbox 736 2876 912 2945; x_wconf 84' lang='lat' dir='ltr'><strong>perfricanda</strong></span> <span class='ocrx_word' id='word_1_250' title='bbox 930 2876 1091 2945; x_wconf 80' lang='lat' dir='ltr'><strong>(perfrican-</strong></span> 
     </span>
     <span class='ocr_line' id='line_1_31' title="bbox 79 2946 1092 3018; baseline -0.004 -14"><span class='ocrx_word' id='word_1_251' title='bbox 79 2951 146 3004; x_wconf 91' lang='lat' dir='ltr'><strong>dum</strong></span> <span class='ocrx_word' id='word_1_252' title='bbox 171 2948 209 3018; x_wconf 89' lang='lat' dir='ltr'><strong>V)</strong></span> <span class='ocrx_word' id='word_1_253' title='bbox 281 2949 408 3004; x_wconf 80' lang='lat' dir='ltr'><strong>edicitis</strong></span> <span class='ocrx_word' id='word_1_254' title='bbox 428 2949 469 3002; x_wconf 88' lang='lat' dir='ltr'><strong>ait</strong></span> <span class='ocrx_word' id='word_1_255' title='bbox 542 2954 573 3001; x_wconf 92' lang='lat'><strong>11</strong></span> <span class='ocrx_word' id='word_1_256' title='bbox 594 2964 679 3003; x_wconf 88' lang='lat' dir='ltr'><strong>cornu</strong></span> <span class='ocrx_word' id='word_1_257' title='bbox 753 2954 785 3002; x_wconf 91' lang='grc'>12</span> <span class='ocrx_word' id='word_1_258' title='bbox 807 2949 889 3017; x_wconf 87' lang='lat' dir='ltr'><strong>potas</strong></span> <span class='ocrx_word' id='word_1_259' title='bbox 908 2946 986 3001; x_wconf 89' lang='lat' dir='ltr'><strong>refici</strong></span> <span class='ocrx_word' id='word_1_260' title='bbox 1004 2949 1038 3002; x_wconf 89' lang='lat' dir='ltr'><strong>de</strong></span> <span class='ocrx_word' id='word_1_261' title='bbox 1057 2946 1092 3001; x_wconf 82' lang='lat' dir='ltr'><strong>iis</strong></span> 
     </span>
     <span class='ocr_line' id='line_1_32' title="bbox 78 3017 1093 3091; baseline -0.003 -17"><span class='ocrx_word' id='word_1_262' title='bbox 78 3020 218 3090; x_wconf 89' lang='lat' dir='ltr'><strong>propolim</strong></span> <span class='ocrx_word' id='word_1_263' title='bbox 291 3025 323 3074; x_wconf 83' lang='lat'><strong>13</strong></span> <span class='ocrx_word' id='word_1_264' title='bbox 343 3020 421 3090; x_wconf 82' lang='lat' dir='ltr'><strong>ante]</strong></span> <span class='ocrx_word' id='word_1_265' title='bbox 440 3020 470 3073; x_wconf 88' lang='lat' dir='ltr'><strong>in</strong></span> <span class='ocrx_word' id='word_1_266' title='bbox 543 3025 575 3073; x_wconf 84' lang='grc'>17</span> <span class='ocrx_word' id='word_1_267' title='bbox 600 3019 668 3091; x_wconf 90' lang='lat' dir='ltr'><strong>quo]</strong></span> <span class='ocrx_word' id='word_1_268' title='bbox 688 3017 789 3087; x_wconf 90' lang='lat' dir='ltr'><strong>quibus</strong></span> <span class='ocrx_word' id='word_1_269' title='bbox 863 3025 896 3073; x_wconf 89' lang='lat'><strong>18</strong></span> <span class='ocrx_word' id='word_1_270' title='bbox 914 3017 993 3073; x_wconf 86' lang='lat' dir='ltr'><strong>aliud</strong></span> <span class='ocrx_word' id='word_1_271' title='bbox 1011 3017 1093 3087; x_wconf 87' lang='lat' dir='ltr'><strong>(aliut</strong></span> 
     </span>
     <span class='ocr_line' id='line_1_33' title="bbox 79 3088 1095 3161; baseline -0.003 -15"><span class='ocrx_word' id='word_1_272' title='bbox 79 3093 136 3146; x_wconf 87' lang='lat' dir='ltr'><strong>cod.</strong></span> <span class='ocrx_word' id='word_1_273' title='bbox 152 3093 230 3158; x_wconf 76' lang='lat' dir='ltr'><strong>Pur.)</strong></span> <span class='ocrx_word' id='word_1_274' title='bbox 249 3092 332 3145; x_wconf 87' lang='lat' dir='ltr'><strong>melle</strong></span> <span class='ocrx_word' id='word_1_275' title='bbox 346 3091 458 3161; x_wconf 89' lang='lat' dir='ltr'><strong>propoli</strong></span> <span class='ocrx_word' id='word_1_276' title='bbox 472 3107 566 3160; x_wconf 73' lang='lat' dir='ltr'><strong>apoyu</strong></span> <span class='ocrx_word' id='word_1_277' title='bbox 581 3096 606 3145; x_wconf 82' lang='lat' dir='ltr'><strong>et</strong></span> <span class='ocrx_word' id='word_1_278' title='bbox 625 3091 709 3158; x_wconf 72' lang='lat' dir='ltr'><strong>Vtut,</strong></span> <span class='ocrx_word' id='word_1_279' title='bbox 733 3089 812 3144; x_wconf 84' lang='lat' dir='ltr'><strong>aliud</strong></span> <span class='ocrx_word' id='word_1_280' title='bbox 829 3091 885 3144; x_wconf 88' lang='grc'>11101</span> <span class='ocrx_word' id='word_1_281' title='bbox 904 3104 920 3143; x_wconf 83' lang='grc'>0</span> <span class='ocrx_word' id='word_1_282' title='bbox 938 3088 1049 3159; x_wconf 90' lang='lat' dir='ltr'><strong>propoli</strong></span> <span class='ocrx_word' id='word_1_283' title='bbox 1068 3089 1095 3143; x_wconf 93' lang='lat' dir='ltr'><strong><em>V</em></strong></span> 
     </span>
     <span class='ocr_line' id='line_1_34' title="bbox 79 3159 1091 3232; baseline -0.003 -17"><span class='ocrx_word' id='word_1_284' title='bbox 79 3168 112 3215; x_wconf 91' lang='grc'><strong>22</strong></span> <span class='ocrx_word' id='word_1_285' title='bbox 133 3162 244 3230; x_wconf 85' lang='lat' dir='ltr'><strong>singula</strong></span> <span class='ocrx_word' id='word_1_286' title='bbox 263 3178 346 3217; x_wconf 88' lang='lat' dir='ltr'><strong>causa</strong></span> <span class='ocrx_word' id='word_1_287' title='bbox 365 3178 467 3232; x_wconf 75' lang='lat' dir='ltr'><strong>apopu,</strong></span> <span class='ocrx_word' id='word_1_288' title='bbox 486 3161 597 3230; x_wconf 83' lang='lat' dir='ltr'><strong>singula</strong></span> <span class='ocrx_word' id='word_1_289' title='bbox 616 3177 685 3216; x_wconf 84' lang='lat' dir='ltr'><strong>caua</strong></span> <span class='ocrx_word' id='word_1_290' title='bbox 705 3161 732 3215; x_wconf 88' lang='lat' dir='ltr'><strong><em>V</em></strong></span> <span class='ocrx_word' id='word_1_291' title='bbox 780 3163 859 3230; x_wconf 89' lang='lat' dir='ltr'><strong>quot]</strong></span> <span class='ocrx_word' id='word_1_292' title='bbox 879 3163 954 3229; x_wconf 90' lang='lat' dir='ltr'><strong>quod</strong></span> <span class='ocrx_word' id='word_1_293' title='bbox 990 3159 1091 3214; x_wconf 78' lang='grc'>23011-</span> 
     </span>
     <span class='ocr_line' id='line_1_35' title="bbox 78 3231 670 3302; baseline 0.005 -17"><span class='ocrx_word' id='word_1_294' title='bbox 78 3231 206 3285; x_wconf 88' lang='lat' dir='ltr'><strong>feruntur</strong></span> <span class='ocrx_word' id='word_1_295' title='bbox 276 3238 310 3287; x_wconf 77' lang='grc'><strong>25</strong></span> <span class='ocrx_word' id='word_1_296' title='bbox 330 3249 430 3302; x_wconf 88' lang='lat' dir='ltr'><strong>capere</strong></span> <span class='ocrx_word' id='word_1_297' title='bbox 502 3233 577 3301; x_wconf 90' lang='lat' dir='ltr'><strong>quod</strong></span> <span class='ocrx_word' id='word_1_298' title='bbox 595 3232 670 3288; x_wconf 85' lang='lat' dir='ltr'><strong>malo</strong></span> 
     </span>
    </p>

    <p class='ocr_par' dir='ltr' id='par_1_9' title="bbox 79 3371 1093 3571">
     <span class='ocr_line' id='line_1_36' title="bbox 169 3371 1092 3443; baseline -0.003 -17"><span class='ocrx_word' id='word_1_299' title='bbox 169 3373 342 3428; x_wconf 83' lang='lat' dir='ltr'><strong>9lucuuaru&#39;</strong></span> <span class='ocrx_word' id='word_1_300' title='bbox 363 3371 504 3429; x_wconf 78' lang='lat' dir='ltr'><strong>iudicarit</strong></span> <span class='ocrx_word' id='word_1_301' title='bbox 527 3375 661 3429; x_wconf 78' lang='lat' dir='ltr'><strong>Gesnerus</strong></span> <span class='ocrx_word' id='word_1_302' title='bbox 735 3380 767 3429; x_wconf 88' lang='grc'><strong>12</strong></span> <span class='ocrx_word' id='word_1_303' title='bbox 797 3377 905 3443; x_wconf 84' lang='lat' dir='ltr'><strong>potav</strong></span> <span class='ocrx_word' id='word_1_304' title='bbox 979 3375 1011 3425; x_wconf 76' lang='grc'>17</span> <span class='ocrx_word' id='word_1_305' title='bbox 1036 3387 1092 3437; x_wconf 92' lang='lat' dir='ltr'><strong>quo</strong></span> 
     </span>
     <span class='ocr_line' id='line_1_37' title="bbox 79 3443 1093 3515; baseline -0.001 -20"><span class='ocrx_word' id='word_1_306' title='bbox 79 3443 158 3498; x_wconf 90' lang='lat' dir='ltr'><strong>fauos</strong></span> <span class='ocrx_word' id='word_1_307' title='bbox 178 3444 325 3499; x_wconf 85' lang='lat' dir='ltr'><strong>Iucuudus</strong></span> <span class='ocrx_word' id='word_1_308' title='bbox 396 3451 430 3499; x_wconf 90' lang='lat'><strong>18</strong></span> <span class='ocrx_word' id='word_1_309' title='bbox 449 3446 531 3500; x_wconf 89' lang='lat' dir='ltr'><strong>melle</strong></span> <span class='ocrx_word' id='word_1_310' title='bbox 551 3447 580 3499; x_wconf 89' lang='lat' dir='ltr'><strong>et</strong></span> <span class='ocrx_word' id='word_1_311' title='bbox 602 3445 713 3515; x_wconf 90' lang='lat' dir='ltr'><strong>propoli</strong></span> <span class='ocrx_word' id='word_1_312' title='bbox 737 3445 855 3500; x_wconf 78' lang='lat' dir='ltr'><strong>Ursinus</strong></span> <span class='ocrx_word' id='word_1_313' title='bbox 926 3446 960 3496; x_wconf 77' lang='grc'><strong>26</strong></span> <span class='ocrx_word' id='word_1_314' title='bbox 979 3456 1093 3511; x_wconf 84' lang='lat' dir='ltr'><strong>carpere</strong></span> 
     </span>
     <span class='ocr_line' id='line_1_38' title="bbox 79 3514 575 3571; baseline 0.008 -4"><span class='ocrx_word' id='word_1_315' title='bbox 79 3516 227 3571; x_wconf 73' lang='lat' dir='ltr'><strong>Iucundos</strong></span> <span class='ocrx_word' id='word_1_316' title='bbox 299 3514 407 3569; x_wconf 90' lang='lat' dir='ltr'><strong>emalo</strong></span> <span class='ocrx_word' id='word_1_317' title='bbox 427 3517 575 3571; x_wconf 82' lang='lat' dir='ltr'><strong>Iucuudur</strong></span> 
     </span>
    </p>
   </div>
   <div class='ocr_carea' id='block_1_4' title="bbox 0 0 1227 3952">
    <p class='ocr_par' dir='ltr' id='par_1_10' title="bbox 0 0 1227 3952">
     <span class='ocr_line' id='line_1_39' title="bbox 0 0 1227 3952; baseline 0 0"><span class='ocrx_word' id='word_1_318' title='bbox 0 0 1227 3952; x_wconf 95' lang='lat' dir='ltr'><strong> </strong></span> 
     </span>
    </p>
   </div>
  </div>
 </body>
</html>
