2430 3952
304 217 436 274 RERVM
448 217 687 276 RVSTIOARVM
705 219 773 275 LIB.
788 221 813 274 ΙΙ
833 227 867 276 10
1029 223 1093 286 115

75 364 241 448 mancipio
265 365 306 429 ab
331 385 368 429 eo
392 365 525 449 accepit,
549 386 568 429 a
592 386 654 449 quo
678 365 748 430 iure
771 366 859 431 civili
882 366 1000 452 potuit;
1037 371 1094 432 sut

75 455 104 520 si
127 455 163 518 iu
186 454 256 518 iure
278 453 385 536 cessit,
409 453 465 537 qui
486 454 595 536 potuit
618 453 738 533 cedere,
762 457 795 519 et
817 454 850 519 id
870 455 926 519 ubi
945 457 1093 539 oportuit

72 543 175 626 [ubi];
216 545 273 607 aut
296 543 324 607 si
346 563 407 607 usu
430 542 529 627 cepit;
568 549 624 607 aut
653 543 681 608 si
705 564 722 607 e
745 542 866 628 praeda
890 543 950 608 sub
974 565 1093 609 corona

72 631 166 716 emit3
202 634 313 696 tumve
346 651 419 695 cum
451 630 487 694 in
513 631 607 696 bonis
632 630 814 697 sectioneve
843 633 933 697 cuius
963 632 1092 716 publice

42 720 185 786 eveniit.
233 720 268 784 in
294 719 413 784 horum
442 720 607 803 emptione
636 720 720 784 solet
748 720 898 786 accedere
925 720 1118 806 peculium5

70 812 129 874 sut
150 808 254 892 excipi
276 812 310 873 et
332 808 501 892 stipulatio
525 809 731 890 intercedere,
754 831 869 874 sanum
888 830 968 895 esse,
990 809 1087 874 furtis

69 897 230 982 noxisque
251 897 408 978 solutum,
445 901 511 981 aut,
534 897 562 961 si
586 898 749 981 mancipio
771 919 839 962 non
861 898 965 982 datur,
989 898 1089 982 dupla

69 985 231 1072 promitti,
252 989 319 1070 eut,
342 985 371 1050 si
392 986 440 1050 ita
462 986 560 1070 pacti,
584 987 710 1070 simpla.
747 987 838 1051 cibus
863 1007 974 1052 eorum
993 986 1089 1053 debet

70 1096 143 1141 csse
160 1073 317 1140 interdius
337 1076 515 1157 separatim
532 1075 628 1139 unius
646 1075 799 1160 cuiusque
817 1075 953 1160 [gisnes]
969 1076 1087 1160 gregis,

31 1187 56 1228 ro
69 1163 274 1247 vespertinus
296 1163 332 1228 in
356 1183 443 1248 cena,
466 1164 522 1248 qui
546 1166 622 1228 sunt
646 1163 706 1228 sub
725 1186 790 1229 uno
810 1165 977 1249 magistro,
1001 1185 1087 1229 com-

68 1253 186 1317 munis.
235 1252 430 1337 magistrum
464 1252 633 1336 providere
666 1256 796 1336 oportet
829 1256 867 1318 ut
901 1253 1012 1317 omnia
1040 1274 1088 1318 se·

69 1343 212 1425 quantur
237 1341 469 1423 instrumenta,
497 1362 579 1424 quae
606 1342 716 1424 pecori
739 1344 772 1406 et
794 1342 981 1425 pastoribus
1006 1364 1087 1425 opus

68 1432 158 1514 sunt,
188 1429 328 1494 maxime
356 1429 395 1493 ad
424 1430 546 1494 victum
573 1424 742 1494 hominum
770 1433 803 1494 et
830 1431 871 1495 ad
894 1430 1089 1495 medicinam

68 1517 238 1601 pecudum.
289 1518 330 1582 ad
362 1539 460 1601 quam
491 1539 560 1582 rem
590 1517 714 1583 habent
746 1518 892 1583 iumenta
920 1519 1088 1583 dossuaria

30 1606 203 1691 rademini,
226 1607 282 1671 alii
305 1627 419 1691 equas,
443 1606 499 1671 alii
522 1628 581 1690 pro
605 1606 645 1670 iis
670 1605 746 1690 quid
770 1607 864 1687 aliut,
895 1607 981 1691 quod
1005 1628 1086 1671 onus

73 1695 173 1761 dosso
196 1694 281 1759 ferre
305 1695 419 1779 possit.

160 1781 254 1858 Quod
288 1783 329 1848 ad
355 1783 497 1848 feturam
528 1783 706 1848 humanam
735 1784 877 1867 pertinet
909 1787 1117 1867 pastorum,6

69 1872 126 1956 qui
144 1871 178 1936 in
196 1871 298 1936 fundo
317 1875 473 1956 perpetuo
493 1876 635 1951 manent,
658 1872 754 1937 facile
773 1875 831 1954 est,
855 1872 940 1957 quod
965 1872 1089 1938 habent

69 1981 261 2027 conservam
284 1961 319 2025 in
344 1961 435 2044 villa,
461 1982 521 2025 nec
548 1961 609 2026 hcc
632 1983 733 2026 renus
756 1962 932 2045 pastoralis
956 1962 1087 2046 longius

31 2076 56 2118 ro
70 2048 151 2134 quid
173 2050 307 2132 quaerit.
342 2050 398 2133 qui
417 2054 527 2114 autem
547 2051 651 2130 [sunt]
671 2051 704 2115 in
724 2051 862 2115 saltibus
883 2053 916 2114 et
934 2051 1088 2116 silvestri-

68 2137 132 2203 bus
158 2136 240 2203 locis
268 2141 406 2221 pascunt
433 2141 466 2202 et
493 2159 560 2202 non
582 2139 676 2222 vilia,
709 2139 765 2204 sed
796 2140 880 2204 casis
910 2140 1088 2226 repentinis

67 2225 191 2291 imbres
213 2226 330 2307 vitant,
352 2227 393 2292 iis
417 2227 569 2292 mulieres
593 2227 777 2310 adiungere,
804 2249 887 2312 quae
911 2232 1088 2313 sequantur

68 2335 186 2400 greges
220 2336 257 2380 ac
286 2316 408 2380 cibaria
436 2315 623 2400 pastoribus
654 2316 828 2398 expediant
855 2336 975 2400 eosque
1004 2316 1088 2381 adsi·

68 2403 198 2468 duiores
220 2403 353 2485 faciant,
377 2405 456 2468 utile
479 2403 630 2468 arbitrati
651 2403 757 2468 multi.
785 2404 840 2469 sed
860 2425 914 2468 ess
933 2404 1115 2469 mulieresu

27 2520 54 2562 rs
69 2512 141 2556 csse
165 2495 296 2574 oportet
317 2493 438 2576 firmas,
461 2514 527 2557 non
550 2495 672 2576 turpes,
695 2514 777 2576 quae
799 2494 835 2557 in
857 2513 954 2576 opere
978 2492 1090 2557 multis

68 2580 262 2666 regionibus
294 2602 361 2646 non
393 2581 511 2646 cedunt
537 2581 629 2665 viris,
662 2583 700 2646 ut
729 2581 765 2644 in
798 2581 931 2665 Illyrico
965 2581 1088 2664 passim

71 2668 182 2735 videre
206 2669 291 2754 lieet,
310 2670 396 2754 quod
419 2670 471 2734 vel
494 2690 626 2753 pascere
648 2691 747 2754 pecus
769 2670 822 2735 vel
846 2670 886 2734 ad
909 2670 1018 2734 focum
1037 2669 1090 2734 ad·

69 2756 158 2823 ferre
181 2757 272 2844 ligna
296 2780 333 2823 ae
357 2759 465 2824 cibum
489 2780 625 2842 coquere
648 2760 699 2823 vel
722 2759 762 2823 ad
782 2780 873 2824 casas
892 2759 1090 2824 instrumen-

71 2849 145 2911 tum
170 2867 301 2911 servare
324 2851 470 2930 possunt.
517 2848 555 2912 de
579 2847 746 2912 nutricatu
768 2848 830 2913 hoe
855 2848 936 2932 dico,
963 2848 1121 2914 easdem8

162 3038 243 3093 teni
260 3039 357 3109 potius
430 3045 446 3093 6
466 3039 575 3110 sanum]
596 3056 661 3093 sane
680 3055 744 3094 eum
818 3039 919 3107 requi
943 3041 1008 3094 sunt
1031 3039 1090 3109 (qui

68 3109 107 3164 sit
131 3108 172 3179 V)
264 3126 425 3165 communes
446 3110 517 3178 Pot,
537 3109 691 3164 communis
711 3125 805 3180 apopr.
879 3117 911 3165 12
932 3127 1001 3180 opus
1025 3112 1091 3164 sunt

67 3182 153 3250 (opus
173 3178 230 3234 sint
254 3181 293 3250 V)
321 3186 353 3235 15
373 3181 441 3250 quid
467 3181 538 3235 aliut
563 3181 622 3251 (qui
648 3181 725 3236 aliud
748 3183 854 3251 apogr.)
928 3188 961 3236 16
979 3181 1090 3251 possint

67 3252 236 3320 aequastis
258 3319 263 3326 Ι
291 3259 326 3307 26
345 3252 448 3307 cedant

160 3433 176 3481 2
195 3427 245 3497 qui
271 3429 365 3498 potuit
394 3428 530 3484 (decamus
601 3429 650 3484 ubi
673 3427 799 3499 oportuit
822 3430 872 3483 aut
894 3428 918 3482 si
940 3427 1087 3483 Iucuctdus

66 3505 82 3554 6
106 3515 207 3554 esuum
225 3517 289 3556 eum
307 3515 403 3555 essee
447 3506 463 3555 9
487 3501 569 3555 unius
595 3501 728 3572 cuiusque
751 3498 846 3569 gregis
869 3516 916 3554 mc
966 3504 999 3553 16
1021 3515 1087 3568 pos-

67 3569 108 3625 sit
130 3585 147 3625 u
220 3576 254 3626 20
273 3572 418 3639 quaerito
490 3578 524 3627 26
543 3570 647 3628 cedunt
670 3572 788 3626 Ursinus

888 3659 925 3714 8*
