2430 3960
485 205 693 261 PRAEFATIO
1064 206 1090 261 V

74 352 193 436 petitas
217 373 288 416 esse
313 353 504 416 credendum
528 358 585 434 est,
601 353 638 416 si
659 352 755 416 modo
775 352 912 415 aliorum
933 352 1089 416 librorum

72 441 269 506 auctoritate
293 441 372 505 fides
391 439 529 506 Victorii
553 442 771 505 confirmatur.
800 444 943 504 ceterum
963 445 995 504 et
1014 439 1088 505 Vic-

70 530 176 594 torius
205 532 238 593 et
266 529 447 594 Politianus
476 531 617 594 codicem
645 532 680 593 in
708 535 853 594 extrema
878 534 970 611 parte
994 531 1089 592 muti·

72 619 178 684 latum
200 619 373 682 habebant.
419 641 494 683 nam
518 617 695 701 posthaec
718 619 818 683 verba
841 617 891 681 III
917 619 973 694 17,
996 619 1019 682 4
1042 623 1089 682 tu·

72 709 207 772 batuam
222 729 375 789 praecum,
399 729 480 792 quae
504 711 648 771 extrema
671 729 741 771 esse
765 711 799 770 in
822 708 929 771 codiee
954 710 1088 790 uterque

72 797 254 878 adnotavit,
283 797 407 879 reliqua
434 800 502 859 tum
531 815 598 860 non
625 797 831 880 legebantur,
860 796 914 859 sed
943 796 1088 860 abscissa

71 885 260 949 membrana
283 888 455 968 perierant.

162 973 212 1037 Ex
242 995 339 1037 manu
367 974 495 1056 scriptis
518 974 627 1056 libris,
655 973 710 1057 qui
735 974 847 1057 quinto
872 972 994 1036 decimo
1019 994 1088 1036 sae-

73 1064 144 1126 culo
169 1063 210 1127 ab
232 1062 326 1126 Italis
350 1085 389 1126 ex
412 1061 578 1127 Marciano
602 1062 710 1126 codice
735 1062 888 1145 descripti
912 1067 996 1142 sunt,
1020 1083 1088 1124 om·

24 1203 26 1207 ,
73 1154 162 1216 nium
186 1172 267 1234 quos
291 1151 357 1214 vidi
381 1151 622 1215 accuratissime
647 1172 685 1214 ex
709 1151 889 1234 archetypo
915 1171 1088 1233 expressus

73 1247 123 1304 est
150 1238 451 1304 Laurentianus
483 1240 807 1321 arctonnesus,
837 1240 892 1323 qui
915 1243 980 1302 tres
1005 1237 1087 1302 Var-

73 1329 161 1394 ronis
184 1329 285 1392 libros
309 1330 462 1412 continet,
486 1328 541 1391 sed
560 1330 694 1392 tertium
714 1331 748 1391 in
766 1328 829 1392 fine
849 1328 963 1392 eodem
982 1327 1087 1408 modo,

74 1425 168 1503 atque
192 1418 322 1499 inipso
347 1418 524 1500 archetypo
549 1440 568 1481 a
590 1416 754 1481 Politiano
779 1423 811 1480 et
829 1416 977 1481 Victorio
1002 1417 1088 1500 lege-

73 1508 178 1587 batur,
202 1506 389 1570 mutilatum
416 1506 525 1570 habet.
572 1506 714 1569 eiusdem
738 1506 875 1591 generis,
903 1505 957 1568 sed
983 1505 1087 1589 magis

72 1596 186 1659 vitiose
225 1595 366 1679 scriptus
403 1601 453 1659 est
490 1594 588 1669 codex
627 1593 826 1658 Caeseuas
869 1593 1088 1656 bibliothecae

72 1684 322 1748 Malatestianae
346 1684 403 1763 24,
428 1685 448 1747 2
473 1683 753 1764 membranaceus,
783 1685 817 1746 in
840 1704 903 1765 quo
928 1687 1003 1763 post
1027 1680 1087 1746 Oo-

72 1773 224 1837 lumellae
249 1778 282 1836 et
305 1770 438 1837 Catonis
463 1772 564 1835 libros
589 1771 702 1854 scripti
726 1775 802 1834 sunt
822 1770 981 1835 Varronis
1003 1770 1088 1836 libri.

71 1884 148 1926 nam
178 1861 213 1924 in
240 1861 302 1925 hoc
331 1883 458 1944 quoque
486 1862 600 1925 tertius
629 1862 712 1924 liber
742 1862 881 1944 primum
914 1881 1016 1943 usque
1047 1860 1087 1923 ad

73 1973 111 2014 ea
133 1950 242 2033 verba,
265 1949 299 2012 in
322 1950 438 2033 quibus
457 1948 641 2013 Marcianus
666 1949 764 2013 codex
784 1949 967 2027 desinebat,
991 1951 1088 2032 scrip-

72 2046 126 2104 tus
147 2042 230 2121 erat,
253 2042 367 2122 postea
386 2038 496 2102 eadem
516 2038 645 2122 quidem
662 2061 768 2120 manu,
788 2039 843 2102 sed
860 2039 925 2102 alio
941 2044 1087 2119 tempore

73 2151 111 2192 ea
138 2149 220 2210 quae
248 2127 382 2192 deerant
409 2128 444 2191 in
472 2132 614 2192 extrema
642 2128 718 2191 libri
747 2131 839 2210 parte
870 2127 980 2190 addita
1004 2130 1088 2190 sunt.

73 2216 255 2300 antiquiore
282 2223 441 2298 tempore,
477 2237 550 2281 cum
580 2218 745 2300 integrum
773 2217 835 2280 fuit
866 2216 1089 2298 archetypum,

73 2328 112 2370 ex
142 2327 179 2369 eo
208 2305 390 2388 descriptus
419 2307 469 2368 est
496 2304 597 2368 codex
625 2303 832 2368 Parisinus
863 2304 951 2368 6884
968 2305 1087 2366 Aom-

72 2395 163 2459 nium
178 2395 233 2478 qui
254 2415 340 2456 nunc
361 2398 534 2477 supersunt
550 2393 695 2456 codicum
711 2392 966 2476 antiquissimus.
990 2391 1087 2456 tertio

73 2484 197 2547 decimo
226 2482 311 2546 euim
343 2483 471 2546 saeculo
500 2482 551 2545 vel
580 2481 679 2544 etiam
704 2481 764 2543 sub
788 2481 886 2542 finem
910 2479 1088 2543 duodecimi

73 2573 193 2637 saeculi
221 2572 363 2654 scriptus
392 2576 441 2634 est
469 2573 502 2633 et
529 2592 601 2634 oum
631 2565 766 2633 Catonis
794 2568 833 2631 de
863 2568 934 2651 agri
962 2567 1089 2632 cultura

72 2662 157 2726 libro
180 2661 280 2724 habet
302 2664 368 2723 tres
391 2660 494 2724 libros
517 2658 684 2723 Varronis.
729 2658 765 2721 in
792 2657 899 2741 prima
929 2657 1088 2740 scriptura

72 2750 177 2814 multa
195 2749 315 2833 partim
335 2749 377 2811 ab
397 2749 509 2812 eodem
528 2749 687 2832 scriptore
706 2748 826 2830 partim
853 2746 925 2828 alia,
949 2751 986 2810 ut
1004 2747 1089 2810 vide-

71 2844 135 2921 tur,
168 2860 276 2920 manu,
309 2837 364 2900 sed
398 2837 511 2900 eodem
542 2837 609 2900 fere
642 2841 790 2919 tempore
823 2839 967 2899 correcta
999 2840 1087 2918 sunt3

73 2928 139 2992 alia
166 2947 242 2991 vero
270 2926 392 2989 recenti
421 2929 528 2989 aetate
556 2926 608 2989 vel
636 2924 671 2987 in
698 2924 778 3007 ipsis
807 2924 914 2988 verbis
942 2928 1088 2988 correcta

72 3017 122 3080 vel
146 3016 179 3079 in
205 3015 407 3098 marginibus
432 3013 595 3096 adscripta
619 3017 703 3077 sunt.
740 3012 780 3077 ad
804 3012 945 3076 Parisini
970 3012 1088 3076 codicis
1150 3045 1152 3049 ⁷

73 3108 214 3169 aetatem
252 3104 397 3186 proxime
436 3103 559 3166 accedit
595 3102 795 3165 Mediceus
833 3103 883 3165 vel
918 3101 1087 3164 Lauren-

72 3195 207 3258 tianus
227 3191 420 3275 30‚10‚qui
440 3196 516 3276 post
530 3190 672 3254 Vitruvii
692 3190 730 3254 de
751 3190 968 3254 architectura
987 3191 1088 3253 libros

73 3281 210 3348 Catonis
223 3280 344 3344 librum
360 3281 398 3344 de
409 3280 481 3365 agri
491 3280 619 3344 cultura
633 3283 666 3342 et
680 3278 839 3343 Varronis
854 3279 956 3342 libros
972 3284 1087 3361 quarto

72 3371 197 3435 decimo
222 3369 350 3433 saeculo
375 3370 514 3452 scriptos
537 3368 646 3432 habet.
678 3368 740 3431 hoc
759 3368 836 3431 olim
856 3372 986 3450 praeter
1004 3366 1089 3429 Mar·

73 3461 202 3524 cianunr
226 3458 368 3522 codicem
388 3457 569 3521 Politianus
590 3461 623 3520 et
641 3456 806 3521 Victorius
825 3457 875 3519 usi
896 3460 979 3520 sunt.
1011 3477 1088 3518 nam

75 3551 108 3612 et
131 3547 314 3612 Politianus
338 3547 372 3610 in
395 3546 598 3631 marginibus
623 3546 766 3609 eiusdem
785 3543 945 3627 editionis,
968 3544 1002 3607 in
1025 3567 1089 3628 qua
