2430 3960
413 809 764 884 PRAEFATIO.

165 1093 325 1158 Varronis
356 1114 464 1156 rerum
486 1093 681 1156 rusticarum
706 1093 809 1157 libros
833 1115 919 1157 anno
943 1094 1031 1158 1884
1054 1114 1093 1157 eo

76 1189 245 1267 apparatu,
269 1204 332 1266 quo
352 1182 393 1245 ad
413 1182 586 1244 lectionem
605 1182 857 1245 confirmandam
876 1188 910 1245 et
928 1181 968 1245 ad
987 1204 1093 1246 emen·

75 1273 240 1336 dationem
259 1270 518 1354 praeparandam
538 1293 619 1351 opus
634 1293 704 1333 esse
719 1270 897 1352 videbatur,
914 1273 1093 1335 instructos

76 1362 171 1426 edidi.
206 1383 282 1424 nam
306 1361 462 1443 quoniam
485 1359 592 1422 omnis
615 1360 731 1424 bomm
754 1360 913 1424 librorum
936 1360 1095 1423 memoria

76 1473 142 1514 uno
170 1451 355 1514 continetur
382 1448 505 1522 codiee,
532 1448 588 1532 qui
616 1450 694 1511 olim
726 1455 759 1511 et
786 1449 827 1512 ab
856 1449 983 1532 Angelo
1007 1447 1093 1512 Poli-

75 1540 166 1603 tiano
194 1560 267 1603 cum
295 1537 441 1622 principe
471 1538 611 1600 editione
634 1537 773 1600 collatus
797 1544 831 1600 et
854 1561 873 1601 a
897 1537 993 1601 Petro
1018 1536 1093 1600 Vie-

74 1629 162 1693 torio
191 1628 231 1692 ad
258 1649 380 1691 novam
407 1626 584 1689 editionem
611 1625 788 1708 parandam
818 1626 983 1690 adhibitus
1013 1634 1093 1706 erat,

75 1724 192 1801 postea
219 1722 328 1780 autem
360 1716 468 1799 periit,
500 1719 577 1777 ante
607 1715 717 1777 omnia
745 1716 907 1799 scriptura
934 1717 967 1778 in
996 1715 1092 1779 editis

76 1806 315 1889 exemplaribus
343 1804 551 1868 vehementer
581 1803 758 1886 depravata
786 1805 826 1868 ad
853 1804 952 1868 fidem
982 1804 1092 1868 arche-

75 1896 149 1978 typi
176 1894 361 1958 revocanda
388 1899 467 1958 erat.
518 1893 779 1958 emendationem
806 1916 918 1957 eorum
948 1915 1030 1978 quae
1058 1894 1090 1956 in

75 1985 132 2047 illo
157 1989 312 2067 corrupta
335 1986 428 2046 erant
458 1985 586 2064 praeter
609 1982 785 2046 manifesta
807 1984 988 2065 scripturae
1012 1981 1093 2046 vitia

76 2076 109 2135 et
132 2073 300 2155 quaedam,
328 2093 411 2154 quae
435 2073 515 2133 satis
539 2074 627 2135 certo
652 2072 824 2136 emendata
847 2093 918 2135 esse
941 2071 1021 2134 mihi
1046 2072 1093 2134 ri-

77 2161 243 2237 debantur,
267 2148 498 2223 comnientario
522 2160 633 2224 critim
658 2161 827 2243 destinavi,
854 2183 895 2224 ue
918 2159 1092 2243 adscriptis

77 2249 379 2334 antiquissimarum
416 2248 595 2312 editionum
627 2250 822 2314 lectionibus
855 2253 889 2312 et
921 2250 1091 2313 doctorum

75 2340 219 2403 virorum
248 2338 443 2402 coniecturis
467 2358 562 2400 verae
585 2337 765 2420 scripturae
788 2339 945 2401 memoria
968 2340 1091 2420 pertur-

76 2428 217 2493 baretur.
262 2449 348 2490 nunc
376 2447 458 2490 eum·
477 2426 585 2489 minor
609 2427 783 2490 eorundem
807 2426 967 2489 librorum
991 2425 1090 2488 editio

76 2516 116 2581 ad
159 2537 363 2581 communem
400 2537 494 2578 usum
533 2517 778 2580 accommodata
813 2514 959 2597 paranda
996 2517 1091 2596 esset,

74 2607 264 2690 priusquam
298 2604 523 2669 commentarii
555 2605 739 2686 ederentur,
777 2604 877 2668 verba
913 2603 1090 2686 seripturis,

76 2701 234 2779 quantum
258 2695 389 2777 quidem
412 2693 481 2757 fieri
504 2696 644 2774 poterat,
667 2693 838 2758 emendata
863 2692 1002 2758 exhibui.
1035 2692 1091 2756 sed

73 2788 111 2848 ut
141 2807 183 2847 ne
215 2783 291 2846 huic
325 2782 453 2866 quidem
483 2782 619 2845 editioni
647 2786 770 2846 eertum
799 2783 947 2846 lectionis
975 2780 1091 2845 funda-

74 2878 221 2936 mentum
244 2872 379 2952 deesset,
407 2895 427 2935 a
449 2870 593 2935 librariis
617 2872 657 2935 de
679 2872 801 2936 nostris
825 2871 944 2935 litteris
969 2870 1090 2953 optime

75 2961 199 3025 meritis
228 2959 323 3024 facile
351 2961 536 3045 impetravi,
568 2963 606 3024 ut
633 2962 742 3025 brevis
766 2960 934 3025 adnotatio
959 2959 1090 3023 addere-

74 3055 140 3132 tur,
177 3050 212 3112 in
242 3071 306 3132 qua
336 3055 369 3112 et
397 3049 558 3132 scripture
585 3051 704 3114 veteris
734 3050 811 3114 libri
842 3071 939 3112 manu
970 3047 1091 3132 scripti,

73 3139 270 3221 ubicumque
301 3138 342 3202 ab
367 3158 405 3204 ea
428 3160 515 3202 nova
543 3139 641 3203 editio
669 3139 845 3223 recederet,
876 3137 1091 3217 exhiberetur,

75 3231 107 3291 et
134 3249 154 3290 a
182 3226 299 3309 quibus
327 3228 512 3291 auctoribus
541 3229 724 3292 emendatio
749 3229 852 3311 petita
881 3230 980 3310 esset,
1007 3224 1090 3289 indi·

74 3319 209 3380 caretur.
254 3315 365 3400 itaque
397 3316 431 3380 in
464 3318 571 3399 priore
601 3322 693 3402 parte
724 3316 943 3382 adnotationis
972 3315 1089 3379 disere·

74 3405 221 3488 pantiam
246 3404 412 3489 archetypi
432 3405 565 3489 codicis,
589 3429 628 3470 ex
653 3428 716 3491 quo
735 3405 760 3468 ii
778 3405 852 3470 libri
873 3404 989 3489 quibus
1006 3423 1090 3468 nune

74 3493 196 3558 utimur
219 3493 373 3577 descripti
391 3498 477 3579 sunt,
495 3495 598 3578 posui,
622 3497 656 3559 in
676 3495 779 3560 altera
798 3517 836 3558 ea
855 3515 936 3578 quae
956 3493 996 3557 ab
1017 3491 1089 3556 aliis

890 3595 928 3653 a*
