2430 3952
320 220 450 275 RERVM
468 219 704 274 RVSTICARVM
723 220 790 276 LIB.
809 221 836 273 Π
855 228 870 276 9
1035 223 1095 284 111

80 387 122 430 ne
151 388 170 430 a
198 364 406 429 venatoribus
435 368 491 428 aut
517 365 614 429 laniis
643 387 739 429 canes
763 387 865 449 emas,
896 367 990 429 alteri
1013 369 1098 450 quod

80 453 123 518 ad
138 475 236 536 pecus
255 453 453 536 sequendum
472 454 606 536 inertes3
630 454 734 535 alteri,
750 455 779 517 si
797 455 938 519 viderint
954 456 1097 539 leporem

82 547 140 607 aut
163 563 307 624 cervum,
336 541 421 626 quod
451 564 523 606 eum
551 544 659 626 potius
687 564 783 625 quam
812 565 888 608 oves
917 548 1098 627 sequentur.

81 653 182 714 quare
200 653 220 694 a
237 630 423 714 pastoribus
443 634 552 715 empta
571 632 694 709 melior,
718 653 800 715 quae
819 654 894 696 oves
914 633 1004 716 sequi
1023 654 1098 697 con-

52 718 202 802 ssuevit,
233 726 289 783 aut
317 719 386 783 sine
409 719 479 784 ulla
501 719 732 784 consuetudine
756 741 837 802 quae
856 722 962 786 luerit.
1008 722 1097 786 canis

81 808 168 872 enim
186 807 314 872 facilius
333 807 409 892 quid
430 808 602 891 adsuescit,
627 830 727 892 eaque
748 810 946 874 consuetudo
965 810 1098 893 firmior,

82 918 165 982 quae
189 897 226 960 fit
249 896 290 960 ad
313 901 470 979 pastores,
494 919 592 980 quam
615 918 697 981 quae
721 897 761 960 ad
779 898 926 981 pecudes.
964 899 1125 964 Publiusd

80 984 232 1049 Aufidius
264 984 442 1049 Pontianus
475 984 700 1049 Amiterninus
733 1007 807 1050 cum
840 1007 954 1071 greges
987 988 1096 1052 ovium

81 1074 215 1138 emisset
241 1074 275 1137 in
298 1073 436 1138 Vmbria
464 1074 597 1152 ultima,
626 1074 742 1157 quibus
772 1076 924 1159 gregibus
949 1076 1017 1138 sine
1041 1098 1096 1158 pa-

41 1189 67 1228 ro
82 1163 226 1227 storibus
250 1183 345 1226 canes
369 1163 586 1245 accessissent,
617 1167 763 1247 pastores
787 1167 824 1227 ut
848 1164 1040 1228 deducerent
1063 1165 1096 1229 in

80 1251 324 1335 Metapontinos
348 1251 451 1315 saltus
470 1254 503 1314 et
522 1251 698 1315 Heracleae
718 1254 908 1335 emporium,
931 1252 1004 1317 inde
1024 1275 1096 1317 cum

82 1340 214 1404 domum
232 1340 392 1403 redissent
410 1339 464 1423 qui
483 1341 524 1403 ad
542 1340 650 1404 locum
668 1340 876 1425 deduxerant,
900 1364 916 1404 e
938 1342 1096 1407 desiderio

81 1429 252 1493 hominum
276 1429 388 1492 diebus
411 1429 522 1511 paucis
546 1433 662 1512 postea
681 1450 776 1492 canes
797 1451 855 1493 sua
875 1433 999 1512 sponte,
1023 1453 1096 1495 cum

81 1517 207 1581 dierum
230 1517 406 1581 multorum
430 1518 484 1580 via
506 1517 690 1596 interesset,
715 1517 777 1580 sibi
800 1539 839 1580 ex
863 1520 950 1601 agris
974 1518 1097 1583 cibaria

41 1632 67 1672 rs
81 1606 303 1689 praebuerunt
325 1611 422 1688 atque
445 1606 479 1669 in
498 1605 668 1670 Vmbriam
694 1607 734 1669 ad
758 1610 905 1688 pastores
924 1606 1096 1671 redierunt.

80 1716 186 1779 neque
214 1716 325 1758 eorum
352 1695 521 1777 quisquam
546 1695 681 1776 fecerat,
709 1695 794 1778 quod
817 1695 851 1757 in
875 1696 946 1778 agri
969 1695 1097 1759 cultura

82 1781 221 1847 Saserna
244 1783 417 1866 praecepit,
442 1783 495 1865 qui
521 1784 620 1848 vellet
644 1805 677 1847 sa
701 1806 720 1846 a
744 1805 822 1846 cane
842 1785 967 1867 sectari,
991 1787 1027 1846 ut
1045 1805 1094 1847 ra-

81 1893 159 1936 nam
190 1871 310 1936 obiciat
338 1874 471 1936 coctam.
517 1872 629 1956 magni
656 1872 791 1935 interest
819 1894 857 1934 ex
880 1873 1002 1936 semine
1026 1893 1095 1937 esse

81 1981 178 2026 canes
198 1959 320 2042 eodem,
344 1959 429 2043 quod
449 1963 578 2043 cognati
597 1961 736 2024 maxime
754 1961 838 2025 inter
858 1982 891 2023 se
912 1965 989 2025 sunt
1007 1983 1096 2043 prae-

41 2075 67 2116 sc
82 2048 175 2114 sidio
212 2048 356 2131 sequitur
376 2053 527 2132 quartum
546 2049 585 2113 de
604 2051 783 2132 emptione:
807 2051 845 2113 fit
864 2051 1007 2132 alterius,
1028 2058 1129 2113 cumi

81 2160 101 2203 a
123 2138 232 2221 priore
256 2137 385 2201 domino
410 2138 550 2201 secundo
574 2138 714 2202 traditus
738 2142 796 2202 est.
840 2139 878 2202 de
903 2140 1039 2202 sanitate
1064 2143 1097 2202 et

80 2248 168 2291 noxa
192 2226 417 2308 stipulationes
441 2226 524 2289 fiunt
547 2227 692 2309 eaedem,
716 2249 797 2309 quae
821 2227 855 2289 in
878 2249 1008 2311 pecore,
1032 2228 1097 2291 nisi

81 2314 169 2400 quod
195 2315 249 2379 hic
277 2314 402 2378 utiliter
432 2319 601 2398 exceptum
625 2318 684 2378 est.
730 2315 786 2377 alii
809 2315 949 2397 pretium
972 2315 1097 2380 faciunt
1123 2351 1125 2354 ⁴

80 2405 116 2468 in
140 2403 267 2487 singula
291 2402 398 2485 capita
420 2424 545 2486 canum,
568 2403 625 2466 alii
648 2406 685 2466 ut
708 2403 806 2466 catuli
831 2408 1007 2485 sequantur
1029 2425 1096 2467 ma-

39 2517 65 2559 rs
80 2498 177 2570 trem,
195 2492 251 2555 alii
270 2493 307 2554 ut
326 2492 394 2555 bini
409 2492 508 2556 catuli
523 2493 617 2555 unius
633 2491 721 2556 canis
736 2513 905 2554 numerum
920 2491 1096 2573 obtineant,

80 2588 119 2645 ut
143 2581 250 2664 solent
273 2580 340 2643 bini
363 2580 441 2663 agni
465 2581 547 2663 ovis,
576 2581 720 2663 plerique
751 2583 786 2643 ut
810 2581 965 2643 accedant
988 2601 1096 2658 canes,

80 2670 137 2753 qui
162 2671 360 2734 consuerunt
382 2691 453 2734 esse
476 2690 549 2733 una.

173 2756 307 2822 Oibatus
335 2758 423 2822 canis
452 2757 584 2841 propior
611 2757 752 2821 hominis
776 2779 873 2841 quam
898 2758 977 2821 ovis.
1022 2766 1125 2839 pas-8

173 2937 190 2985 4
209 2946 294 2999 quare
314 2931 364 2985 aut
381 2931 541 3000 pastoribus
614 2937 629 2985 ‘l
648 2931 692 3002 fit]
713 2929 750 2985 sit
812 2937 845 2985 10
863 2933 895 2985 ut
913 2931 1050 2986 dedarent
1067 2930 1097 2984 in

80 3001 271 3072 meta-mpinos
299 3002 387 3056 saltus
416 3003 446 3055 et
476 3002 632 3072 traelepore
664 3001 729 3056 inde
757 3004 849 3058 meridi
876 3008 942 3057 notu
969 3003 1097 3070 adposita

83 3082 116 3130 12
137 3073 205 3144 quid
224 3073 260 3126 ad
278 3073 372 3127 locum
390 3071 450 3142 (qui
469 3074 505 3126 ad
523 3074 616 3128 locum
640 3073 678 3140 V)
752 3078 786 3125 14
804 3073 937 3128 interesse
1001 3079 1096 3127 2011-

81 3145 179 3216 quitur
197 3146 339 3214 quartum]
358 3143 407 3198 sed
426 3145 501 3212 quod
516 3161 632 3212 quarum
669 3149 703 3197 21
718 3144 853 3199 traditum
868 3145 911 3199 est
946 3150 979 3198 22
996 3160 1097 3213 peourc

79 3222 116 3272 26
136 3233 203 3272 oues
276 3220 309 3269 28
328 3213 457 3285 proprior
475 3216 599 3285 (propior
620 3214 657 3283 V)

172 3364 189 3411 4
207 3360 258 3412 aut
276 3373 293 3410 a
311 3355 469 3425 pastoribus
487 3374 504 3412 c
522 3362 547 3411 et
565 3357 630 3411 libri
648 3358 806 3412 recentiores
874 3362 907 3410 10
926 3355 1095 3408 deducerent

85 3430 226 3486 Victorius
249 3433 274 3484 et
297 3428 363 3482 libri
385 3429 544 3483 recentiores
617 3433 648 3480 11
672 3427 702 3481 in
726 3427 935 3496 Metapontinos
961 3424 1048 3479 saltus
1068 3427 1096 3480 et

80 3501 236 3556 Heracleae
254 3498 411 3568 emporium
429 3515 445 3552 e
483 3503 516 3552 14
530 3498 679 3554 interesset
691 3515 739 3552 me
776 3503 810 3552 20
825 3497 950 3565 sequitur
964 3496 1095 3564 quartum

80 3568 228 3629 Irr‘errrrdus
299 3577 333 3624 26
353 3568 448 3625 ouiso
