2430 3952
307 211 437 294 RERVM
454 211 692 267 RVSTIOARVM
710 212 777 267 LIB.
798 215 823 268 11
843 222 912 270 3-4
1074 217 1115 282 91

193 355 284 442 Ergo
322 357 378 441 qui
411 380 504 422 suum
537 377 670 442 gregem
702 359 772 424 vult
803 359 924 425 habere
957 360 1117 445 idoneum,

103 445 227 530 eligere
258 450 388 530 oportet
420 446 561 529 primum
589 447 677 511 bona
704 451 825 531 aetate,
862 449 1002 514 secundo
1029 449 1117 515 bona

101 533 211 599 forma
232 529 287 620 (aa
308 539 359 600 est
381 557 455 600 cum
478 535 692 618 amplitudine
715 537 951 622 membrorum,
974 541 1116 622 praeter·

102 644 202 706 quam
223 622 358 706 pedibus
383 621 519 711 capite):
542 624 724 689 unicolores
748 626 858 708 potius
884 649 981 710 qnam
1000 627 1116 692 varias.

72 733 177 782 acum
204 711 285 777 haec
311 713 423 777 eadem
451 717 488 776 ut
515 712 660 778 habeant
687 735 794 778 verres
828 715 1013 799 videndum,
1044 719 1115 780 tum

102 799 215 884 utiquc
239 799 306 865 sint
328 801 507 866 cervicibus
531 802 656 886 amplis.
693 802 771 866 boni
795 804 926 867 seminis
951 825 1023 868 sues
1048 804 1146 871 ani-4

100 888 346 954 madvertuntur
369 913 389 954 a
410 889 494 955 facie
517 894 551 954 et
572 891 727 975 progenie
752 894 784 954 et
806 892 938 976 regione
962 892 1058 957 caeli:
1096 915 1115 956 a

100 975 194 1061 facie,
218 977 246 1042 si
268 978 406 1043 formosi
429 983 505 1043 sunt
527 979 629 1044 verris
654 983 687 1042 et
710 979 830 1065 scrofa3
857 1001 885 1053 a,
901 981 1063 1064 progenie,
1087 982 1115 1045 si

100 1085 219 1149 porcos
246 1067 366 1131 multos
394 1068 541 1151 pariunt3
579 1090 599 1131 a
626 1067 772 1152 regione,
803 1068 832 1132 si
858 1070 969 1152 potius
1000 1092 1039 1134 ex
1062 1069 1114 1133 his

59 1184 87 1224 ro
100 1154 193 1237 locis,
215 1155 272 1220 nbi
289 1159 467 1220 nascuntur
486 1157 613 1239 amplae
633 1178 730 1239 quam
751 1157 859 1240 exiles,
882 1158 1017 1241 pararis.
1050 1157 1143 1226 emi5

100 1242 209 1309 solent
240 1244 294 1328 sic,
328 1243 450 1309 ‘illasce
483 1267 556 1309 sues
589 1267 685 1309 sanas
718 1267 788 1310 esse
816 1247 999 1330 habereque
1028 1250 1113 1311 recte

98 1331 198 1396 licere
228 1333 385 1416 noxisque
417 1334 577 1418 praestari
611 1355 714 1417 neque
744 1335 783 1398 de
814 1357 929 1418 pecore
963 1336 1114 1401 morboso

99 1441 173 1484 esse
197 1420 420 1504 spondesne?'.
460 1422 590 1506 quidam
615 1422 759 1486 adiciunt
780 1423 966 1507 perfunctas
996 1445 1066 1488 esse
1095 1447 1114 1488 a

98 1508 186 1574 febri
209 1513 242 1573 et
266 1533 285 1574 a
308 1510 399 1575 foria.

58 1627 86 1668 15
189 1596 228 1661 In
250 1601 348 1683 pastu
370 1598 460 1664 locus
478 1599 554 1664 huic
571 1600 680 1683 pecori
699 1602 795 1682 aptus
813 1599 1004 1684 uliginosus,
1028 1600 1113 1683 qnod

99 1685 283 1751 delectatur
314 1709 381 1752 non
411 1688 517 1751 solum
551 1711 634 1772 aqua
664 1689 720 1752 sed
748 1688 846 1752 etiam
874 1689 953 1753 luto.
1003 1690 1113 1773 itaque

99 1775 143 1841 ob
163 1797 235 1839 eam
253 1797 322 1840 rem
343 1776 434 1841 aiunt
451 1783 556 1860 lupos,
574 1798 647 1840 cnm
667 1777 734 1840 sint
753 1777 865 1841 nancti
882 1798 964 1856 sues,
984 1777 1113 1841 trahere

98 1884 202 1947 usquc
231 1865 271 1928 ad
298 1887 430 1948 aquam,
459 1865 545 1949 quod
573 1865 683 1930 dentes
712 1865 871 1930 fervorem
900 1866 1005 1929 carnis
1029 1865 1113 1930 ferre

97 1957 271 2037 nequeant.
319 1953 381 2019 hoc
408 1975 504 2037 pecus
540 1954 639 2018 alitur
665 1955 804 2018 maxime
833 1955 964 2039 glande,
997 1954 1142 2022 deindea

58 2070 85 2111 ,ο
97 2041 178 2105 faba
196 2045 230 2105 et
247 2041 368 2107 hordeo
388 2047 421 2106 et
439 2046 545 2107 cetero
564 2043 738 2126 frumento,
759 2065 841 2128 qnae
860 2066 912 2108 res
932 2065 997 2107 non
1015 2045 1111 2110 modo

96 2130 361 2213 pinguitudinem
394 2131 547 2214 efficiunt,
581 2132 636 2195 sed
669 2133 768 2196 etiam
801 2133 907 2196 carnis
935 2132 1111 2197 iucundum

97 2239 259 2302 saporem.
298 2223 428 2302 pastum
452 2220 585 2302 exigunt
608 2224 731 2284 aestate
755 2243 849 2285 mane
873 2225 914 2302 et,
938 2224 1112 2304 antequam

98 2312 209 2372 aestus
233 2307 377 2392 incipiat,
401 2308 555 2393 subigunt
573 2309 608 2371 in
629 2309 815 2373 umbrosum
835 2311 950 2386 locum,
973 2310 1111 2373 maxime

97 2396 156 2460 nbi
175 2416 261 2479 aqua
281 2398 336 2459 sit:
359 2399 436 2480 post
454 2396 619 2460 meridiem
639 2419 749 2461 rursus
768 2397 869 2461 lenito
890 2396 1015 2461 fervore
1039 2419 1112 2480 pas·

56 2513 84 2554 aa
97 2487 185 2548 cunt.
235 2484 372 2549 hiberno
412 2487 559 2567 tempore
590 2506 656 2549 non
687 2486 776 2569 prins
808 2485 943 2569 exigunt
974 2489 1113 2568 pastum,

97 2594 196 2656 quam
220 2573 339 2656 pruina
361 2575 493 2638 evanuit
516 2596 554 2638 ac
577 2574 812 2658 conliquefacta
836 2579 886 2637 est
905 2573 1032 2658 glacies.
1070 2573 1140 2640 ad?

97 2662 241 2725 feturam
265 2683 374 2726 verres
398 2663 523 2727 duobus
546 2663 710 2727 mensibus
735 2665 810 2727 ante
831 2661 1023 2727 secernendi.
1057 2683 1112 2747 op·

96 2750 215 2814 timum
244 2750 284 2814 ad
313 2751 526 2816 admissuram
554 2756 683 2837 tempus
716 2774 734 2815 a
766 2751 898 2816 favonio
931 2751 972 2814 ad
1006 2752 1113 2835 aequi·

95 2839 241 2903 noctium
265 2860 413 2903 vernum:
437 2841 484 2904 ita
508 2841 593 2904 enim
618 2839 781 2924 contingit
799 2844 836 2904 ut
855 2843 977 2904 aestate
995 2841 1110 2923 pariat.

188 3028 440 3099 8amplitudinem
512 3030 696 3086 4unicoloris
769 3031 910 3086 thabeat
977 3038 1030 3087 Ba
1048 3036 1112 3086 ante

95 3101 234 3171 progenie
257 3117 308 3155 om.
382 3106 415 3155 10
438 3103 547 3171 amplas
576 3119 659 3170 quam
690 3101 771 3156 exilis
801 3103 895 3171 parari
924 3101 994 3158 semi
1021 3103 1113 3156 solent

96 3170 255 3227 sicuihasce
279 3188 342 3226 sues
426 3179 457 3226 17
484 3173 561 3227 nacti
583 3174 692 3243 (nancti
713 3175 770 3228 cod.
797 3175 876 3242 Par.)
967 3178 1002 3228 20
1025 3173 1112 3244 quae]

96 3245 229 3312 quodque
301 3248 336 3297 22
356 3242 486 3314 exsigunt
503 3246 596 3312 priore
614 3246 671 3299 loco

189 3424 205 3473 8
224 3419 410 3490 amplitudine
428 3437 476 3476 mc
574 3427 590 3475 5
610 3420 733 3476 habeant
751 3438 767 3475 v
866 3425 883 3474 8
907 3438 925 3474 a
942 3418 1077 3488 progenie
1095 3435 1111 3472 c

96 3496 133 3546 10
151 3491 265 3560 amplae
283 3508 368 3559 quam
388 3490 473 3546 exiles
492 3493 608 3561 paratae
632 3492 749 3547 Ursinus
840 3496 871 3544 11
897 3490 993 3545 illasce
1014 3507 1077 3544 sues
1095 3505 1111 3544 o

94 3567 132 3616 20
151 3578 287 3631 quaeres
306 3568 352 3617 mo
