2430 3952
146 200 210 263 132
562 196 748 253 VARRONIS

144 346 241 409 rietes
265 343 460 407 intrinsecus
483 342 604 407 multos
624 364 695 406 esse
716 343 819 426 palos,
842 342 898 406 ubi
917 364 992 406 aves
1012 341 1162 406 adsidere

144 432 284 518 possint,
311 434 480 516 praeterea
510 432 554 511 [e]
583 431 716 515 perticis
746 431 909 517 inclinatis
933 451 971 494 ex
996 431 1095 496 humo
1121 431 1162 495 ad

144 521 301 605 parietem
330 523 362 583 et
389 520 424 583 in
451 519 496 582 eis
525 519 679 583 traversis
708 519 869 602 gradatim
897 518 1031 583 modicis
1062 520 1162 584 inter-

145 609 239 675 vallis
267 609 399 693 perticis
429 606 560 673 adnexis
592 607 632 671 ad
656 607 796 691 speciem
819 607 1035 673 cancellorum
1060 608 1163 672 sceni-

146 720 257 763 corum
290 718 327 760 ao
359 696 489 761 theatri.
535 695 685 760 deorsum
717 697 752 759 in
783 699 904 760 terram
935 717 1005 760 esse
1034 718 1163 780 aquam,
1191 715 1203 756 c

146 809 243 870 quam
263 785 373 849 bibere
392 785 528 868 possint,
547 785 669 849 cibatui
689 785 769 848 offas
788 785 920 868 positas.
947 806 1004 849 eae
1021 785 1163 849 maxime

147 875 369 959 glomerantur
397 895 435 936 ex
465 873 534 938 ficis
564 877 596 937 et
622 873 709 936 farre
737 874 848 938 mixto.
901 871 1013 937 diebus
1044 873 1164 958 viginti

147 966 320 1048 antequam
343 961 458 1025 tollere
482 962 552 1026 vult
574 960 696 1042 turdos,
720 962 843 1045 largius
863 960 920 1025 dat
938 961 1053 1040 cibum,
1076 962 1164 1046 quod

145 1052 218 1136 plus
251 1052 345 1135 ponit
377 1053 410 1112 et
440 1049 526 1113 farre
555 1049 725 1114 subtiliore
753 1050 869 1133 incipit
896 1050 990 1114 alere.
1035 1051 1070 1113 in
1100 1050 1164 1115 hoc

146 1143 231 1204 tecto
255 1160 381 1220 caveas,
406 1159 487 1220 quae
510 1137 658 1202 tabulata
681 1137 825 1202 habeant
853 1138 976 1221 aliquot
1005 1138 1045 1202 ad
1067 1138 1164 1222 perti·
1178 1158 1203 1197 rc

117 1235 257 1293 boarum
291 1227 558 1309 supplementum.
605 1231 717 1291 contra
745 1227 808 1291 hoc
841 1227 998 1291 aviarium
1031 1247 1049 1288 s
1081 1248 1165 1311 quae

147 1319 294 1380 mortuae
323 1315 369 1377 ibi
398 1319 473 1378 sunt
502 1336 592 1398 aves,
619 1319 656 1378 ut
684 1314 813 1378 domino
841 1337 1010 1379 numerum
1041 1313 1166 1398 reddat,

148 1405 231 1469 solet
253 1403 372 1467 ibidem
397 1424 531 1469 servare.
571 1425 644 1468 cum
669 1425 749 1486 opus
774 1407 863 1488 sunt,
892 1425 931 1467 ex
954 1403 1016 1468 hoo
1042 1403 1165 1468 aviario

64 1517 71 1530 ‘
147 1496 186 1557 ut
204 1495 373 1556 sumantur
391 1492 534 1573 idoneae,
558 1492 770 1556 excludantur
788 1492 822 1555 in
841 1492 1057 1556 minusculum
1077 1492 1166 1557 avia-

148 1582 243 1664 rium,
267 1580 352 1664 quod
377 1583 427 1644 est
449 1581 655 1644 coniunctum
679 1603 749 1645 cum
774 1580 896 1644 maiore
919 1580 1014 1664 ostio,
1042 1580 1166 1644 lumine
1180 1599 1204 1641 15

148 1669 345 1752 inlustriore,
369 1668 454 1752 quod
477 1669 688 1733 seclusorium
712 1669 887 1751 appellant.
924 1669 1067 1733 ibicum
1092 1690 1166 1732 eum

149 1780 320 1822 numerum
342 1757 443 1821 habet
466 1758 644 1840 exclusum,
673 1779 767 1840 quem
792 1778 918 1821 sumere
941 1757 1023 1839 vult,
1052 1778 1166 1821 omnes

121 1847 276 1912 tocoidit.
312 1845 375 1910 hoc
398 1845 469 1909 ideo
494 1846 527 1908 in
551 1846 674 1909 secluso
699 1847 791 1928 clam,
819 1867 858 1908 no
881 1845 1006 1929 reliqui,
1029 1845 1057 1909 si
1081 1845 1167 1909 vide·

151 1939 215 2017 ant,
239 1933 460 2016 despondeant
484 1933 626 1997 animum
651 1937 747 2016 atque
767 1934 874 1997 alieno
892 1938 1039 2017 tempore
1057 1933 1169 1998 vendi-

150 2023 231 2087 toris
245 2021 434 2086 moriantur.
462 2042 530 2085 non
544 2024 580 2084 ut
596 2021 736 2085 advenae
749 2023 897 2086 volucres
912 2022 1019 2104 pullos
1033 2021 1168 2105 faciunt,
1182 2040 1207 2080 ac

150 2112 184 2175 in
209 2129 287 2193 agro
312 2109 463 2192 ciconiae,
486 2109 629 2173 intecto
652 2109 857 2193 hirundines,
885 2111 932 2174 sic
956 2114 1013 2174 aut
1034 2110 1087 2174 hic
1112 2114 1169 2175 aut

150 2198 219 2262 illic
238 2197 333 2280 turdi,
353 2197 408 2280 qui
427 2219 501 2261 cum
520 2198 585 2262 sint
603 2199 734 2262 nomine
753 2220 868 2280 mares,
887 2221 922 2262 re
936 2220 1014 2262 vera
1027 2197 1169 2263 feminae

151 2308 278 2371 quoque
304 2289 387 2350 sunt.
433 2308 537 2370 neque
560 2287 594 2350 id
615 2309 681 2352 non
704 2291 851 2351 secutum
873 2290 910 2351 ut
934 2288 1021 2352 esset
1042 2287 1077 2350 in
1103 2309 1168 2350 me·

123 2376 242 2458 7rulis,
266 2397 347 2458 quae
366 2376 495 2439 nomine
514 2375 669 2440 feminino
688 2397 793 2440 mares
813 2397 939 2460 quoque
959 2383 1044 2441 sunt.
1075 2397 1168 2459 prae·

151 2468 241 2529 terea
265 2466 410 2528 volucres
432 2485 506 2527 cum
524 2464 645 2545 partim
665 2463 806 2528 advenae
827 2465 899 2545 sint,
922 2467 959 2527 ut
976 2463 1168 2528 hirundines
1183 2480 1208 2522 rc

154 2558 186 2617 et
210 2575 314 2639 grues,
337 2551 455 2636 partim
479 2552 678 2634 vernaculae,
707 2556 744 2615 ut
768 2552 907 2636 gallinae
931 2573 968 2616 ac
992 2551 1170 2636 columbae,

153 2642 192 2705 de
220 2641 278 2705 illo
307 2661 422 2725 genere
452 2643 527 2703 sunt
554 2640 642 2704 turdi
671 2640 851 2705 adventicio
876 2662 913 2704 ac
936 2640 1113 2723 quotannis
1135 2641 1172 2704 in

153 2729 285 2793 ltaliam
320 2732 411 2792 trans
449 2750 538 2791 mare
576 2728 730 2793 advolant
768 2729 896 2793 circiter
929 2729 1171 2812 aequinoctium

155 2816 342 2881 autumnale
362 2820 394 2879 et
414 2816 525 2880 ecdem
544 2817 692 2881 revolant
711 2817 751 2881 ad
772 2818 1010 2901 aequinoctium
1026 2838 1169 2896 vernum,

246 3013 279 3062 10
298 3006 387 3061 cauiis
411 3024 483 3076 quae
508 3008 595 3063 cauiis
613 3008 743 3063 tabulata
762 3009 887 3064 habeant
904 3009 1019 3079 aliquod
1039 3008 1173 3079 adportat

156 3079 382 3148 supplementum
397 3083 495 3132 contra
509 3078 556 3132 hic
593 3085 626 3133 13
642 3081 747 3134 seruari
784 3085 818 3134 22
829 3079 896 3150 sint]
914 3081 979 3134 sunt
1015 3085 1172 3151 24quoque

158 3149 215 3204 sint
228 3151 377 3218 posteriore
396 3149 453 3205 loco
525 3154 559 3205 27
579 3151 734 3219 quodannis

247 3332 280 3381 10
299 3327 334 3380 ad
354 3326 525 3407 perticarum
544 3326 768 3407 supplementum
788 3325 967 3382 Schneideras
1022 3333 1054 3380 11
1075 3329 1174 3382 contra

159 3399 214 3452 hoc
232 3398 370 3452 auiarium
389 3399 432 3451 est
450 3396 528 3450 ahud
546 3413 650 3465 minus,
674 3398 703 3452 in
728 3414 782 3466 quo
804 3414 876 3466 quae
894 3399 1020 3453 mortuae
1038 3426 1073 3438 -
1093 3414 1173 3453 cura·

159 3471 334 3594 gqqtsqpare
354 3467 425 3524 solet
444 3467 590 3523 Iucundos
632 3473 666 3521 22
686 3485 749 3522 cum
768 3467 825 3522 sint
842 3485 869 3523 m
914 3475 948 3523 24
967 3485 1059 3523 mares
1077 3469 1175 3524 tamen
