2430 3952
143 230 207 294 136
357 281 359 286 ,
548 229 733 285 VARRONIS

140 375 284 439 athletae
308 375 512 439 comitiorum
536 376 628 457 [ima]
648 396 720 438 cum
739 373 773 438 id
791 374 862 438 fieri
880 396 947 439 non
965 375 1159 439 miraremur

139 467 274 546 propter
296 463 404 527 studia
429 464 682 549 suffragatorum
707 466 739 526 et
762 466 871 527 tamen
891 463 973 527 scire
991 462 1160 546 vellemne,

142 552 219 635 quid
242 557 345 635 esset,
372 553 463 616 venit
486 552 526 616 ad
548 574 608 616 nos
632 550 822 616 Pantuleius
846 551 955 634 Parra,
978 555 1093 615 narrat
1117 552 1158 616 ad

139 641 298 722 tabulam,
326 661 399 705 cum
428 641 612 723 diriberent,
643 640 801 724 quendam
831 639 1024 723 deprensum
1054 642 1158 704 tesse-

140 728 228 792 rulas
248 729 438 793 coicientem
456 730 491 792 in
510 730 661 811 loculum,
681 751 752 793 eum
773 729 813 792 ad
832 729 998 793 consulem
1013 732 1156 792 tractum
1183 758 1195 799 5

141 839 160 880 a
196 817 377 881 fautoribus
406 818 653 900 conpetitorem.
704 817 791 881 Pavo
820 817 940 902 surgit,
972 816 1058 899 quod
1087 817 1158 882 eius

141 904 303 969 candidati
327 909 436 970 custos
460 906 627 970 dicebatur
650 906 834 988 deprensus.

93 1007 132 1062 VI
229 995 345 1075 Axius,
373 993 422 1057 De
450 993 645 1078 pavonibus,
679 994 798 1077 inquit,
825 993 925 1057 libere
952 993 1030 1058 licet
1058 992 1158 1078 dicas,

139 1083 292 1165 quoniam
316 1083 465 1146 discessit
487 1081 674 1162 Fircellius,
698 1082 766 1165 qui,
790 1103 880 1146 secus
904 1082 1010 1166 siquid
1034 1081 1157 1146 diceres

139 1170 178 1232 de
206 1170 260 1248 iis,
294 1170 490 1253 gentilitatis
524 1192 620 1234 causa
649 1170 789 1235 fortasse
820 1192 862 1234 an
888 1173 997 1234 tecum
1025 1169 1157 1235 duceret
1171 1199 1195 1240 ιο

140 1279 271 1321 serram.
319 1257 402 1333 Quoi
426 1257 560 1342 Merula,
583 1257 631 1322 De
655 1259 836 1341 pavonibus
855 1262 969 1323 nostra
988 1259 1156 1343 memoria,

140 1346 255 1428 inquit,
282 1366 396 1430 greges
420 1346 533 1411 haberi
557 1347 664 1430 coepti
688 1350 720 1411 et
743 1348 853 1411 venire
877 1368 1006 1432 magne.
1053 1368 1092 1411 ex
1116 1346 1158 1412 iis

139 1433 182 1496 M.
206 1434 354 1498 Aufidius
377 1435 482 1500 Lurco
508 1458 605 1519 supra
629 1456 790 1519 sexagena
813 1434 903 1498 milia
925 1457 1093 1499 nummum
1122 1436 1157 1499 in

140 1545 225 1587 anno
255 1522 371 1587 dicitur
400 1545 522 1607 capere.
568 1525 591 1588 ii
620 1524 785 1606 aliquanto
813 1524 983 1607 pauciores
1007 1544 1078 1588 esse
1103 1524 1156 1589 de·
1211 1540 1213 1545 '

140 1611 218 1675 bent
240 1633 344 1675 mares
369 1634 465 1695 quam
487 1613 643 1696 feminae,
667 1613 695 1676 si
719 1612 759 1675 ad
782 1612 924 1676 fructum
948 1615 1089 1698 spectes3
1127 1613 1156 1677 si
1170 1641 1195 1682 rs

111 1698 182 1764 aad
205 1700 462 1784 delectationem,
485 1705 612 1765 contra:
650 1700 824 1764 formosior
847 1701 934 1764 enim
957 1722 1036 1765 mas.
1080 1723 1155 1785 pas·

141 1787 232 1852 cendi
261 1808 375 1872 greges
405 1795 560 1873 agrestes.
604 1789 815 1853 transmarini
842 1810 912 1852 esse
941 1789 1091 1853 dicuntur
1120 1791 1157 1854 in

140 1876 269 1960 insulis,
302 1875 392 1940 Sami
419 1878 454 1940 in
477 1878 549 1942 luco
573 1877 720 1959 Iunonis,
743 1878 830 1941 item
856 1877 889 1940 in
914 1877 1069 1942 Planasia
1092 1878 1155 1959 [in]

139 1965 247 2028 insula
265 1963 309 2027 M.
323 1964 459 2029 Pisonis.
486 1965 522 2028 hi
541 1966 581 2029 ad
601 1986 715 2049 greges
735 1966 977 2030 constituendos
996 1969 1157 2050 parantur

140 2052 227 2115 bona
250 2055 355 2115 aetate
380 2057 412 2117 et
434 2053 520 2116 bona
544 2053 656 2118 forma.
693 2053 769 2117 huic
793 2054 878 2118 enim
896 2057 1013 2118 natura
1030 2054 1157 2120 formae
1171 2086 1196 2126 20

141 2162 157 2202 e
182 2139 366 2203 volueribus
391 2141 478 2204 dedit
501 2142 653 2224 palmam.
693 2142 733 2205 ad
757 2142 970 2206 admissuram
992 2142 1074 2206 haec
1096 2144 1156 2207 mi-

109 2237 236 2294 3nores
259 2228 368 2293 bimae
389 2251 458 2293 non
480 2229 615 2295 idoneae
637 2252 697 2294 nec
720 2231 784 2294 iam
804 2231 944 2295 maiores
962 2233 1051 2295 natu.
1083 2253 1157 2314 pas·

141 2319 257 2381 cuntur
280 2339 374 2381 omne
399 2339 500 2402 genus
525 2319 651 2384 obiecto
671 2318 845 2404 frumento,
866 2320 1005 2383 maxime
1023 2319 1156 2385 hordeo.

139 2405 249 2490 itaque
279 2403 370 2470 Seius
403 2407 444 2469 iis
473 2407 529 2471 dat
556 2407 591 2471 in
619 2428 746 2472 menses
776 2408 921 2490 singulos
949 2407 1063 2472 hordei
1091 2408 1157 2472 sin-

140 2495 234 2578 gulos
258 2495 393 2576 modios,
416 2495 463 2558 ita
487 2499 524 2558 ut
546 2496 580 2558 in
603 2495 708 2559 fetura
732 2496 787 2560 det
808 2496 954 2580 uberius,
981 2499 1155 2579 antequam
1170 2525 1196 2566 as

141 2583 236 2646 salire
264 2583 431 2666 incipiant.
476 2585 512 2647 u'u
539 2583 599 2647 has
628 2605 648 2647 a
675 2588 885 2667 procuratore
916 2588 1024 2649 ternos
1047 2585 1156 2668 pullos

140 2671 241 2754 exigit
269 2692 400 2754 eosque,
434 2693 506 2735 cum
535 2676 717 2753 creverunt,
750 2674 985 2756 quinquagenis
1013 2673 1157 2737 denariis

108 2758 259 2842 4vendit,
281 2761 319 2821 ut
341 2759 434 2823 nulla
457 2759 526 2823 avis
549 2761 635 2824 hunc
659 2760 852 2844 adsequatur
875 2761 1025 2825 fructum.
1063 2783 1155 2844 prae·

139 2849 230 2910 terea
249 2868 310 2910 ova
329 2848 408 2911 emit
428 2869 465 2911 ac
486 2849 640 2932 supponit
659 2850 799 2932 gallinis,
822 2872 860 2913 ex
880 2849 997 2932 quibus
1022 2851 1075 2929 [ex
1098 2849 1155 2931 iis]

227 3002 387 3057 lathietae
438 3002 692 3073 2suffragaturum
712 3005 937 3075 (suffragatorum
961 3004 1001 3074 V)
1051 3011 1156 3075 span·

137 3075 199 3128 tula
214 3072 273 3128 eius
328 3076 426 3127 narrat
440 3075 596 3129 attabulam
633 3075 699 3130 8de
714 3092 824 3146 pauone
862 3075 984 3144 9siquit
1020 3082 1053 3129 11
1073 3075 1155 3147 quoi]

138 3144 187 3213 qui
260 3149 294 3197 12
315 3144 411 3213 inquid
483 3144 591 3217 uenire]
610 3150 708 3201 uentre
770 3152 802 3199 13
820 3146 917 3214 lyrcho
981 3150 1014 3200 19
1032 3145 1155 3202 insulam

138 3215 246 3284 pisonis
266 3214 369 3282 (insula
387 3214 494 3284 pisonis
516 3217 554 3286 V)
596 3223 630 3271 26
649 3216 678 3271 in
697 3216 830 3272 antehae
850 3233 899 3273 om.
946 3222 981 3271 28
1000 3216 1072 3289 avis]
1094 3218 1156 3274 ouis

229 3363 243 3410 1
272 3356 396 3412 athletae
426 3358 572 3412 Iucundus
659 3364 675 3411 3
702 3358 865 3414 Pantuleius
893 3376 910 3413 n
996 3365 1012 3413 8
1041 3359 1076 3413 de
1103 3375 1155 3429 pa·

137 3429 256 3483 nonibus
275 3445 302 3482 nc
375 3433 406 3481 11
427 3429 473 3482 cui
490 3427 599 3483 Merula
616 3429 762 3484 Iucundos
842 3435 873 3483 12
893 3428 990 3484 uenire
1014 3429 1155 3485 Victorius

139 3505 171 3552 13
195 3499 283 3554 Lurco
309 3499 454 3554 Iucundos
526 3505 560 3552 18
582 3500 612 3552 in
635 3501 766 3555 Planasia
791 3500 884 3556 insula
909 3499 946 3554 M.
969 3499 1080 3555 Pisonis
1104 3502 1155 3557 Iu·

137 3571 244 3624 cunctus
301 3575 334 3646 29
356 3587 388 3623 ex
407 3571 441 3624 iis
460 3571 560 3650 delepit
578 3571 695 3625 Ursinus
