2430 3952
151 189 170 252 6
296 185 483 242 VARRONIS
501 186 631 241 RERVM
650 184 886 261 RVSTIOARVM
904 184 971 241 LIB.
990 184 1004 237 I

149 333 199 398 De
221 332 381 397 fructibus
405 332 542 396 maturis
566 331 729 415 capiendis

149 422 199 486 De
222 421 390 486 faenisicio
415 424 448 485 et
472 420 644 485 sicilitione
666 423 835 504 prelorum

149 509 199 574 Dc
222 532 328 575 messe
357 514 390 574 et
414 531 512 574 cause
534 509 629 574 huius
652 509 816 593 vocabuli,
845 529 943 591 quare
966 508 1082 573 messis
1106 530 1162 592 ep·

239 597 363 682 pellata
386 598 431 663 sil
455 619 592 682 quareve
615 597 729 681 paleae
753 597 933 681 appellatae
956 598 1022 662 sini

149 687 270 752 Aream
294 687 422 772 quelem
446 708 516 751 esse
540 689 691 771 oporteat

149 775 188 840 In
213 797 323 840 semen
347 797 442 859 quem
467 774 506 840 ed
530 775 662 841 modum
686 775 791 858 spicas
816 773 937 839 secerni
961 778 1111 859 oporteat
1165 774 1168 779 ’

149 865 283 928 Tritura
306 885 402 948 quem
426 863 467 928 ed
492 864 624 929 modum
648 865 719 929 fieri
742 866 891 947 oporteal

149 951 199 1016 De
223 952 345 1037 stipulo

150 1041 199 1106 De
224 1041 387 1107 vindemia
409 1040 557 1105 socienda

149 1130 200 1194 De
223 1131 295 1193 oleo
317 1129 456 1214 legende

149 1217 199 1281 De
222 1217 319 1282 faeno
342 1217 508 1282 condendo

151 1304 201 1370 De
223 1306 334 1370 trilico
358 1305 521 1370 condendo

149 1393 198 1458 De
221 1393 298 1458 febe
321 1396 354 1458 el
376 1394 595 1479 leguminibus
619 1394 792 1459 condendis

150 1482 200 1546 De
223 1483 295 1547 uvis
319 1483 494 1548 condendis

148 1571 198 1635 Dc
220 1571 327 1655 pomis
351 1571 526 1636 condendis

148 1659 199 1724 De
222 1660 295 1724 olea
317 1660 481 1725 condenda

149 1747 199 1811 De
223 1769 354 1813 amurca
378 1749 544 1813 condendo

148 1835 198 1900 De
221 1837 407 1919 promendis
431 1836 579 1922 frugibus
602 1837 714 1901 tuendi
736 1859 835 1902 causa

150 1923 252 2000 Quem
277 1925 318 1988 ad
341 1924 472 1989 modum
495 1926 693 1990 frumentum
716 1926 927 2009 promendum
951 1926 996 1991 sil

150 2011 200 2076 De
225 2034 357 2076 amurca
379 2014 501 2078 tuende
524 2017 557 2078 el
579 2015 756 2097 promenda
1179 2033 1204 2072 2⁰

149 2101 199 2165 De
223 2101 297 2165 vino
320 2103 499 2184 promendo

149 2188 199 2253 De
224 2189 295 2253 oles
316 2191 494 2272 promendo

149 2277 200 2342 De
223 2299 305 2341 nuce
329 2281 361 2340 ed
384 2279 527 2362 palmula
551 2282 583 2342 el
606 2278 667 2344 fico
690 2279 868 2364 promendo

150 2364 200 2429 De
223 2366 293 2430 uvis
318 2369 350 2430 el
372 2366 468 2431 melis
493 2372 525 2432 et
549 2367 654 2432 sorbis
677 2369 856 2452 pensilibus
879 2369 1067 2453 promendis

149 2452 200 2518 De
221 2453 308 2520 farre
331 2457 507 2538 promendo
533 2459 590 2522 out
613 2456 653 2521 ad
676 2458 819 2522 cibatum
845 2463 902 2522 cul
932 2458 972 2523 ed
1001 2459 1164 2525 salionem
1179 2475 1204 2516 ²⁵

240 2547 297 2607 eui
320 2543 360 2607 ad
384 2545 589 2610 vendundum

239 2723 273 2771 24
292 2719 381 2774 seruis
