2430 3952
146 221 210 283 110
562 219 748 275 VARRONIS

145 365 310 445 occidisse,
334 369 366 428 et
389 368 501 429 tauros
525 366 629 429 solere
653 364 806 429 adversos
831 364 987 429 adsistere
1010 364 1160 429 clunibus

144 454 352 518 continuatos
372 459 404 517 et
423 453 574 517 cornibus
593 453 687 517 facile
706 453 898 537 propulsare
917 453 1020 536 lupos.
1059 475 1161 536 quare

144 544 182 607 de
206 541 339 607 canibus
367 543 520 625 quoniam
548 563 666 626 genera
690 542 766 625 duo,
796 563 896 607 unum
920 541 1104 606 venaticum
1129 548 1162 607 et

143 632 284 714 pertinet
308 630 348 694 ad
371 632 457 695 feras
481 631 604 695 bestias
629 631 807 713 silvestres,
836 631 973 694 alterum
997 629 1083 714 quod
1108 652 1160 695 cu-

144 719 267 784 stodiae
291 741 389 784 causa
411 723 544 802 paratur
567 724 599 784 et
622 721 764 805 pertinet
787 720 827 784 ad
850 723 1024 804 pastorem,
1052 717 1160 784 dicam
1186 741 1200 782 s

144 809 182 872 de
211 829 249 873 eo
278 808 318 871 ad
345 808 484 873 formam
513 809 593 873 artis
623 809 802 891 expositam
829 808 863 872 in
891 829 1006 872 novem
1039 811 1160 889 partes.

113 905 131 962 3
232 896 375 961 Primum
409 901 517 961 aetate
549 897 667 961 idonea
698 897 843 980 parandi,
876 897 961 980 qnod
991 897 1092 960 catuli
1126 901 1159 961 et

144 987 243 1049 vetuli
266 1007 370 1070 neque
395 985 458 1048 sibi
481 1007 585 1068 neque
609 986 722 1049 ovibus
746 990 822 1049 sunt
845 983 1006 1069 praesidio
1029 987 1063 1048 et
1080 983 1159 1050 feris
1192 1047 1197 1054 .

143 1074 258 1138 bestiis
281 1095 348 1138 non
371 1095 546 1156 numquam
569 1074 718 1157 praedae.
754 1074 835 1138 facie
860 1074 978 1137 debent
1001 1073 1158 1138 1111101-

144 1163 236 1245 mosi,
255 1161 477 1246 magnitudine
497 1164 613 1245 ampla,
638 1163 740 1227 oculis
760 1161 967 1246 nigrantibus
986 1163 1199 1247 autravis,1o

142 1251 276 1314 naribus
300 1251 564 1335 congruentibus,
588 1251 689 1315 labris
713 1251 877 1335 subnigris
897 1254 953 1314 aut
971 1250 1159 1315 rubicundis

142 1360 246 1423 neque
269 1339 396 1402 resimis
416 1340 637 1422 superioribus
656 1361 715 1404 nec
733 1340 881 1423 pendulis
901 1339 1024 1422 subtus,
1047 1335 1162 1404 mento

143 1448 316 1510 suppresso
346 1432 378 1491 et
406 1450 444 1491 ex
474 1450 512 1492 eo
538 1428 641 1492 enatis
665 1429 790 1492 duobus
815 1428 964 1491 dentibus
988 1427 1103 1492 dextra
1127 1431 1160 1492 et

144 1515 277 1580 sinistra
309 1518 406 1598 paulo
440 1517 599 1599 eminulis,
632 1517 852 1600 superioribus
886 1515 1015 1581 directis
1048 1517 1158 1597 potius

111 1613 240 1687 4quam
263 1605 421 1686 brocchis,
445 1611 557 1670 acutos
582 1627 662 1707 quos
686 1606 828 1669 habeant
851 1605 942 1669 labro
966 1608 1086 1688 tectos,
1110 1626 1199 1670 cra-15

57 1696 66 1717 ⁸
141 1694 315 1776 pitibust
283 1715 299 1756 1
335 1695 486 1757 auriculis
505 1695 632 1777 magnis
652 1716 688 1758 ac
705 1693 825 1776 flaccis,
844 1693 961 1757 crassis
976 1693 1158 1759 cervicibus

142 1803 179 1845 ao
207 1783 305 1883 collo,
332 1782 512 1846 internodis
540 1782 751 1846 articulorum
779 1782 903 1866 longis,
932 1782 1080 1846 cruribus
1107 1785 1159 1863 [ac

142 1870 267 1934 collo
258 1868 451 1971 1nternodis]
485 1870 582 1935 rectis
610 1874 643 1934 et
670 1871 779 1955 potius
808 1872 894 1935 varis
923 1892 1020 1954 quam
1050 1871 1158 1949 ratiis,

140 1958 277 2040 pedibus
293 1979 420 2041 magnis
435 1959 569 2042 stlatis,
587 1981 641 2042 qu1
634 1959 851 2042 ingredient
843 1984 853 2023 1
873 1960 902 2023 ei
922 1959 1157 2042 displodantur,

142 2046 234 2129 digit
225 2068 253 2109 1s
210 2046 434 2128 dtiscret1s,
457 2047 619 2130 unguibus
644 2047 732 2111 duris
757 2070 793 2111 ac
818 2048 934 2130 curvis,
960 2048 1031 2112 solo
1055 2053 1198 2112 neutro

141 2156 257 2198 corneo
281 2156 321 2197 ne
344 2135 481 2198 nimium
505 2136 597 2219 duro,
626 2135 683 2200 sed
710 2141 747 2199 ut
775 2137 970 2201 fermentato
995 2159 1032 2201 ac
1055 2137 1156 2217 molli,

141 2245 160 2286 a
183 2222 356 2287 feminibus
384 2225 519 2288 summis
547 2246 680 2308 corpore
708 2247 896 2308 suppresso,
929 2225 1024 2308 spina
1050 2246 1156 2310 neque

141 2311 282 2375 eminula
300 2334 402 2395 neque
420 2335 527 2398 curva,
545 2315 648 2378 cauda
667 2335 785 2396 crassa,
804 2314 923 2378 latrato
943 2313 1043 2398 gravi,
1062 2314 1155 2378 hiatu

141 2421 269 2484 niagno,
293 2400 400 2466 colore
423 2403 629 2485 potissimum
653 2402 740 2477 albo,
770 2402 855 2485 quod
879 2403 913 2465 in
936 2402 1155 2483 1111111111-

110 2490 232 2554 51111111
254 2496 475 2574 opnoscuntur,
503 2492 609 2573 specie
640 2491 780 2554 leonina.
825 2494 993 2573 praeterea
1016 2490 1154 2555 feminas
1169 2513 1196 2554 ιι

139 2580 254 2643 volunt
282 2598 351 2641 esse
379 2600 576 2643 mammosas
607 2578 795 2679 aequalibus
818 2579 958 2662 papillis.
1004 2579 1084 2643 item
1107 2579 1154 2644 vi·

140 2666 339 2730 dendumt
302 2671 339 2730 ut
362 2668 438 2730 boni
462 2667 592 2731 seminii
616 2668 745 2732 sinti
734 2667 844 2751 itaque
868 2671 901 2731 et
924 2690 944 2732 a
965 2668 1154 2751 regionibus

139 2755 345 2837 appellantur
373 2755 531 2838 Lacones,
554 2755 727 2840 Epirotici,
756 2753 888 2820 Sallent
865 2757 935 2820 trni
980 2757 1155 2821 videndum

229 2916 243 2962 1
274 2910 399 2965 diuersos
471 2919 488 2964 4
516 2913 551 2964 ad
580 2913 652 2966 feras
681 2911 807 2966 bestibus
835 2912 1045 2967 assiluestribus
1072 2913 1153 2967 assil-

139 2982 247 3034 uestres
265 2983 358 3036 mendi
376 2987 423 3035 aot
424 3001 442 3036 a
460 2985 587 3050 adposita
661 2989 694 3037 10
712 2982 800 3053 ranis]
819 2983 895 3037 rabis
962 2989 994 3037 11
1014 2999 1066 3038 nec
1084 3000 1153 3064 pen·

138 3052 198 3104 duli
217 3055 316 3119 (neque
335 3052 465 3121 pendulis
489 3055 528 3122 V)
588 3060 622 3108 14
641 3054 748 3107 eminus
768 3054 956 3108 suberioribus
1015 3059 1047 3108 18
1062 3053 1152 3126 varis]

137 3121 223 3176 uariis
298 3128 330 3177 19
349 3124 426 3193 latis]
446 3126 511 3179 altis
583 3125 773 3194 displorantur
844 3124 1152 3196 10111011]1111111

137 3195 254 3316 prendi
251 3200 298 3248 not
299 3212 317 3248 o
340 3196 467 3265 adposito
539 3201 573 3250 14
592 3195 701 3250 facilius
721 3199 911 3266 agnoscuntur
930 3213 979 3250 om.
1053 3201 1088 3250 18
1108 3211 1152 3250 sa-

150 3266 286 3318 amentini

229 3431 261 3478 10
280 3424 388 3478 raniso
440 3430 473 3477 14
492 3424 621 3477 eminulis
641 3426 787 3480 Iucundos
839 3431 870 3479 17
891 3423 1017 3481 cruribus
1035 3428 1097 3481 rect
1097 3426 1152 3481 iso

139 3501 171 3549 18
196 3493 270 3549 varis
294 3496 355 3550 Vict
344 3496 432 3550 1111111
505 3501 537 3550 19
562 3496 757 3579 displodantur
783 3514 798 3550 c
872 3503 906 3551 10
931 3497 990 3552 solo
1013 3496 1152 3553 Victorius

137 3570 171 3618 18
191 3565 329 3620 Salentini
346 3565 492 3621 Iucundos
