2430 3952
263 212 394 269 RERVM
412 213 649 270 RVSTIGARVM
667 214 736 270 LIB.
750 215 763 268 I
779 220 883 270 59-65
1038 214 1081 279 67

156 358 249 436 Quod
278 381 372 424 nemo
402 359 526 425 fructus
549 360 673 438 condit,
702 360 766 423 nisi
788 363 826 424 ut
847 364 991 445 promat,
1015 361 1138 431 deuxlr

61 469 103 513 eo
132 469 262 532 quoque
297 447 350 512 vel
382 451 473 513 sexto
509 449 613 533 gradu
648 448 932 513 animadvertenda
967 471 1080 533 pauco.

59 539 222 621 promunt
244 536 373 601 condita
398 539 454 600 eut
479 541 653 620 propterea
677 537 762 620 quod
783 540 858 601 sunt
876 538 1006 621 tuendo,
1025 542 1083 603 aut

59 624 152 711 quod
176 624 305 709 utendo,
329 629 386 689 out
409 625 495 708 quod
513 625 692 689 vendundo.
739 646 777 689 ea
801 627 887 709 quod
906 626 1081 691 dissimilia

31 717 143 779 esunt
166 713 253 778 inter
274 734 319 796 se,
341 712 423 777 aliut
442 713 506 778 alio
524 717 670 798 tempore
688 714 844 779 tuendum
863 718 896 778 et
914 715 1079 779 utendum.

152 801 278 866 Tuendi
305 822 402 866 causa
428 802 641 885 promendum
664 802 697 866 id
720 802 933 887 frumentum,
956 804 1138 888 quodLXIlI

59 889 266 957 curculiones
289 910 400 954 exesse
424 890 591 974 incipiunt.
628 891 660 954 id
684 890 770 955 enim
794 913 867 956 cum
890 896 1079 976 promptum

59 981 127 1063 est,
156 979 192 1043 in
219 978 289 1043 sole
314 999 435 1062 ponere
464 981 595 1062 oportet
623 1001 725 1064 aquae
753 979 892 1063 catinos,
926 980 1011 1064 quod
1040 1001 1078 1044 eo

59 1066 273 1147 conveniunt,
296 1071 335 1130 ut
355 1065 419 1151 ipsi
443 1088 477 1132 se
500 1070 624 1151 necent,
652 1068 860 1133 curculiones,
907 1068 967 1133 sub
990 1071 1080 1132 terra

17 1182 46 1221 ιο
60 1156 118 1242 qui
141 1155 266 1220 habent
288 1153 487 1219 frumentum
510 1157 542 1221 in
567 1155 609 1219 iis
634 1177 715 1239 quos
738 1160 856 1221 vocant
875 1157 969 1241 sirus,
992 1156 1080 1240 quod

60 1266 138 1310 cum
156 1243 301 1328 periculo
319 1242 474 1308 introitur
492 1244 615 1309 recenti
633 1245 808 1329 apertione,
826 1245 873 1308 ita
891 1250 928 1309 ut
948 1245 1077 1329 quibus·

60 1333 138 1397 dam
171 1332 217 1397 sit
247 1331 423 1397 intercluso
455 1332 578 1417 anime,
611 1333 777 1416 aliquanto
813 1337 890 1416 post
920 1355 1078 1417 promere,

59 1442 163 1505 quam
190 1419 369 1504 operueris,
397 1425 538 1504 oportet.
583 1420 646 1500 fer,
675 1421 760 1504 quod
789 1423 822 1484 in
847 1421 945 1504 spicis
969 1421 1077 1486 condi·

59 1509 150 1574 deris
173 1529 232 1593 per
255 1529 394 1573 messem
417 1511 450 1573 et
474 1508 514 1572 od
537 1531 632 1573 usum
661 1510 788 1572 cibatus
814 1509 963 1591 expedire
986 1509 1078 1587 velis,

18 1596 277 1683 ropromendum
298 1595 414 1680 hieme,
437 1597 526 1661 utin
548 1597 686 1680 pistrino
705 1598 830 1680 pisctur
849 1619 887 1661 ac
905 1601 1077 1663 torreatur.

151 1684 294 1751 Amurce
317 1706 390 1749 oum
420 1705 458 1749 ex
486 1685 558 1750 olea
585 1706 752 1769 expressa,
784 1686 913 1769 quiesi
944 1706 1038 1749 umor
1047 1698 1135 1754 LXIV

58 1774 226 1859 aquatilis,
249 1795 286 1838 oo
308 1772 536 1838 retrimentum
560 1773 621 1857 [et]
644 1773 811 1838 conditum
834 1773 869 1837 in
891 1794 949 1838 uss
968 1773 1077 1856 fictile,

57 1863 93 1928 id
115 1861 251 1947 quidum
275 1862 322 1926 sic
346 1861 452 1926 solent
474 1862 568 1945 tueri,
592 1863 704 1926 diebus
727 1880 774 1927 xv
796 1863 833 1926 iu
855 1883 893 1925 eo
918 1862 1003 1945 quod
1027 1865 1077 1926 est

57 1951 264 2017 levissimum
291 1971 329 2014 oc
356 1972 517 2015 summum
540 1950 693 2015 defletum
721 1953 758 2014 ut
780 1950 933 2015 traiciant
955 1951 988 2014 in
1012 1949 1078 2014 alia

19 2061 46 2103 eo
58 2062 143 2106 vasu
166 2042 201 2104 et
221 2038 284 2104 hoc
300 2037 404 2102 isdem
422 2038 604 2103 intervallis
624 2038 815 2103 duodeciens
835 2060 891 2103 sex
909 2039 1076 2103 mensibus

56 2127 220 2214 proximis
242 2127 322 2191 item
344 2125 481 2210 faciant3
512 2148 586 2192 cum
607 2127 641 2190 id
664 2128 847 2212 novissime,
870 2127 1076 2211 potissimum

56 2217 223 2294 traiciant
247 2236 320 2280 cum
343 2214 483 2279 senescit
506 2216 591 2281 luna.
636 2218 706 2280 tum
730 2215 889 2280 decocunt
910 2216 944 2279 in
964 2215 1076 2279 ahenis

56 2305 129 2371 leni
163 2304 247 2389 igni,
280 2304 324 2369 ad
354 2302 434 2367 duas
466 2307 577 2387 partes
597 2304 717 2387 *quoad
749 2304 950 2388 redegerunt
1005 2307 1076 2366 tum

58 2393 201 2477 denique
223 2392 266 2457 ad
287 2413 381 2455 usum
404 2394 492 2455 recte
514 2393 684 2475 promitur.

19 2503 45 2545 rs
152 2480 246 2558 Quod
267 2483 410 2544 mustum
433 2479 582 2544 conditur
604 2481 639 2544 in
660 2479 792 2562 dolium,
814 2482 852 2543 ut
870 2478 1048 2542 habeamus
1058 2489 1133 2547 LXV

56 2571 182 2655 vinum,
205 2590 271 2634 non
294 2567 507 2652 promendum
527 2569 602 2632 dum
620 2568 731 2650 fervet,
754 2589 861 2650 neque
880 2567 980 2630 etiam
1002 2587 1075 2629 cum

56 2657 221 2743 processit
250 2658 311 2740 ita,
341 2660 377 2720 ut
408 2656 451 2720 sit
479 2656 591 2720 vinum
622 2656 758 2740 factum,
789 2657 817 2720 si
846 2659 940 2720 vetus
964 2654 1076 2718 bibere

150 2793 331 2877 Spromunt]
349 2793 472 2864 primum
559 2801 592 2849 10
611 2811 688 2849 serus
775 2800 808 2847 14
827 2794 862 2846 ad
882 2810 947 2846 usus
967 2792 1076 2846 cibatus

59 2872 93 2922 15
111 2867 144 2921 in
168 2865 291 2936 pistrino
317 2865 357 2934 (in
376 2864 481 2934 pistino
499 2865 570 2932 Por,
596 2864 626 2919 in
649 2864 769 2934 pistrino
789 2866 894 2933 apocr.)
966 2862 1076 2932 pisetur

58 2944 94 2993 lc
111 2938 216 2992 humor
271 2942 303 2990 17
321 2936 519 2989 recrimentum
578 2941 611 2989 18
630 2937 658 2990 in
677 2942 740 2991 autc
759 2951 792 2990 eo
812 2951 861 2990 om.
918 2939 951 2988 20
970 2933 1074 3004 isdem]

56 3011 135 3065 idem
226 3012 261 3060 22
279 3008 341 3060 tum
360 3008 437 3076 (tuno
451 3007 546 3075 priore
565 3007 622 3060 loco
645 3007 685 3076 V)
788 3012 822 3060 23
842 3004 986 3073 lenilignis
1006 3005 1075 3057 duos

55 3081 156 3152 partes
174 3077 270 3147 quoad
287 3079 420 3146 regerent
500 3079 561 3131 tum
581 3077 701 3145 denique
721 3076 757 3131 ad
776 3093 857 3130 neum
876 3078 1009 3144 (mustum
1029 3075 1075 3127 de-

55 3150 145 3220 nique
164 3148 202 3202 ad
221 3165 303 3202 usum
318 3149 444 3216 pemmo
462 3148 630 3217 apoyruphu.
668 3149 792 3202 mustum
808 3163 877 3201 corr.
892 3147 952 3199 tum
967 3146 1075 3200 uidetur

55 3224 90 3277 iu
107 3221 256 3289 archetypo
274 3218 370 3287 fuisse)
442 3223 476 3272 27
495 3221 639 3288 processet

149 3345 316 3412 3promunt
333 3341 447 3396 condito
460 3341 605 3396 Iucundos
678 3346 710 3394 15
725 3341 832 3410 pisetur
847 3341 959 3395 Nouius
975 3341 1073 3417 12162

57 3421 92 3471 17
110 3414 311 3471 retrimentum
329 3412 508 3467 conditumo
580 3416 614 3465 20
632 3412 733 3466 iisdem
752 3412 901 3466 Iucundos
968 3412 1002 3461 23
1017 3407 1074 3460 lem

53 3486 151 3569 igniti
208 3484 246 3539 ad
264 3485 335 3539 duas
353 3485 448 3553 partes
467 3480 561 3550 quood
578 3483 747 3553 redegerunt
767 3481 902 3536 Gesuerus
959 3483 992 3532 27
1012 3492 1074 3547 pro·

54 3557 180 3614 cessrto
878 3636 915 3691 5*
