2430 3952
287 226 417 282 RERVM
435 226 671 281 RVSTIOARVM
689 226 755 280 LIB.
775 227 801 279 ΙΙ
820 233 889 282 8-9
1034 229 1096 292 109

82 375 195 437 cantes
228 372 409 436 educamus.
456 372 490 435 hi
524 373 552 435 si
584 373 619 435 in
651 373 851 456 palustribus
883 373 966 437 locis
999 377 1126 458 atque5

79 461 251 544 uliginosis
272 461 351 542 nati,
374 460 495 525 habent
514 463 653 544 ungulas
674 462 804 544 molles,
841 461 925 524 idem
946 462 974 524 si
993 464 1095 527 exact'

80 553 159 614 sunt
192 550 314 613 aestivo
347 553 492 632 tempore
525 552 559 612 in
592 553 728 630 montes,
761 549 847 632 quod
878 551 916 613 fit
949 550 984 613 in
1017 572 1096 634 agro

78 637 230 722 Reatino,
254 638 434 702 durissimis
458 638 589 722 ungulis
612 639 702 701 fiunt.
748 638 780 701 in
806 659 905 722 grege
936 639 1096 702 mulorum

52 727 226 810 sperando
250 726 426 809 spectanda
449 731 539 790 aetas
562 732 593 790 et
612 727 726 810 forma,
750 728 897 809 alterum,
921 731 956 790 ut
974 729 1009 792 iu
1028 750 1094 792 vec·

79 815 163 878 turis
179 814 312 879 sufferre
326 815 454 879 labores
469 817 608 897 possint,
624 817 770 897 alterum,
785 820 822 879 ut
836 817 946 879 oculos
963 822 1096 898 aspectu

80 903 241 968 delectare
266 909 395 988 queant.
441 904 529 967 hisce
561 904 647 968 enim
675 905 760 967 binis
785 904 963 968 coniunctis
988 907 1096 968 omnia

79 992 231 1057 vehicula
257 993 292 1055 in
321 993 380 1055 viis
410 993 578 1056 ducuntur.
623 993 703 1056 haec
726 1014 777 1055 me
801 992 940 1056 Reatino
965 998 1125 1058 auctorat

79 1081 255 1165 probares,
289 1080 370 1144 mihi
401 1081 519 1163 inquit,
551 1081 616 1144 nisi
647 1086 683 1144 tu
717 1082 787 1164 ipse
821 1082 908 1144 domi
941 1102 1096 1164 equarum

41 1195 67 1234 ro
81 1189 199 1253 greges
229 1169 364 1233 haberes
390 1171 612 1234 aemulorum
636 1190 751 1254 greges
775 1170 984 1234 vendidisses.
1026 1171 1096 1235 hin-

80 1279 143 1322 nus
168 1258 223 1340 qui
247 1258 440 1341 appellatur,
464 1263 515 1322 est
538 1280 576 1321 ex
596 1280 679 1342 equo
700 1262 732 1321 et
751 1259 851 1342 asina,
874 1259 981 1322 minor
1000 1281 1097 1343 quam

79 1345 190 1410 mulus
227 1368 377 1429 corpore,
414 1348 601 1429 plerumque
638 1348 855 1427 rubicundior,
893 1347 1024 1411 auribus
1061 1353 1097 1411 ut

80 1434 222 1518 equinis,
251 1435 360 1498 iubam
391 1442 424 1498 et
447 1436 582 1499 caudam
605 1436 693 1499 babet
715 1436 853 1498 similem
878 1436 971 1500 asini.
1016 1436 1096 1499 item

80 1523 116 1586 in
134 1525 247 1586 ventre
267 1528 325 1605 cst,
349 1528 385 1587 ut
403 1545 513 1606 equus,
537 1546 664 1587 menses
683 1523 860 1588 duodecim.
897 1523 995 1587 hosce
1017 1525 1096 1586 item

39 1637 65 1678 15
79 1615 117 1675 ut
146 1613 253 1676 oculos
282 1617 315 1675 et
343 1612 480 1676 educant
507 1618 540 1677 et
568 1614 660 1676 alunt
689 1616 721 1676 et
749 1616 889 1675 aetatem
918 1633 1029 1675 eorum
1058 1635 1096 1676 ex

79 1699 231 1764 dentibus
256 1704 465 1786 cognoscunt.
497 1755 508 1762 ,

169 1788 384 1872 Relinquitur,
402 1789 509 1872 inquit
523 1788 663 1872 AtticuS,
682 1790 721 1852 de
741 1788 989 1872 quadripedibus
1009 1790 1095 1871 quod
1104 1802 1143 1855 IX

80 1877 121 1941 ad
151 1899 246 1942 canes
276 1879 407 1959 attinet,
434 1879 516 1959 quod
534 1880 669 1961 pertinet
696 1878 835 1940 maxime
864 1877 903 1940 ad
931 1899 1007 1957 nos,
1041 1879 1096 1960 qui

78 1986 179 2050 pecus
207 1967 370 2050 pascimus
398 1967 518 2031 lauare.
565 1968 653 2031 canis
685 1966 771 2030 enim
800 1966 873 2046 [ita]
905 1969 1013 2030 custos
1042 1988 1094 2049 pe·

39 2054 166 2119 soceris
195 2057 269 2137 [et]¹
285 2056 353 2119 eius
383 2055 468 2139 quod
497 2077 533 2119 eo
563 2057 680 2120 comite
708 2055 832 2139 indiget
860 2055 900 2117 ad
930 2077 964 2118 se
989 2054 1096 2119 defen-

79 2142 230 2208 dendum.
281 2143 317 2207 in
350 2166 413 2228 quo
448 2165 565 2226 genere
593 2148 669 2208 sunt
696 2145 835 2208 maxime
863 2166 952 2226 oves,
984 2143 1096 2208 deinde

78 2253 207 2316 caprae.
253 2232 312 2296 has
337 2234 422 2296 enim
445 2234 538 2316 iupus
562 2239 692 2316 captare
717 2233 810 2314 solet,
833 2232 885 2296 cui
904 2233 1096 2315 opponimus
1182 2305 1189 2310 ,

78 2342 176 2385 canes
206 2320 398 2387 defensores.
444 2321 479 2384 in
508 2321 603 2385 suillo
631 2342 745 2404 pecore
772 2324 882 2384 tamen
911 2325 986 2384 sunt
1015 2342 1095 2404 quae

79 2431 115 2472 se
144 2408 321 2492 vindicent,
355 2412 455 2491 [sues]
484 2432 604 2490 verres,
638 2409 784 2490 maiales,
817 2408 949 2472 scrofae.
995 2430 1095 2492 prope

38 2498 168 2563 seenim
195 2498 275 2562 haec
308 2500 407 2581 apris,
436 2499 492 2581 qui
518 2500 553 2561 in
581 2498 670 2562 silvis
700 2518 794 2580 saepe
822 2497 971 2562 dentibus
1000 2518 1096 2560 canes

80 2586 276 2651 occiderunt.
315 2587 390 2669 quid
411 2586 514 2650 dicam
534 2588 573 2650 de
592 2608 706 2670 pecore
729 2585 874 2649 maiore?
898 2608 970 2650 cum
994 2585 1124 2650 sciam2

79 2674 245 2740 mulorum
264 2694 405 2759 gregem,
429 2698 501 2740 cum
520 2679 707 2759 pasceretur
725 2681 753 2739 ct
771 2696 808 2738 eo
828 2675 971 2738 venisset
989 2674 1094 2758 lupus,

80 2765 169 2829 ultro
198 2764 303 2827 mulos
333 2764 584 2829 circumfluxisse
613 2769 645 2828 et
673 2764 801 2848 ungulis
830 2763 990 2827 caedendo
1022 2785 1095 2826 eum

172 2973 299 3041 ladque
368 2973 432 3026 5in
451 2979 515 3029 unte
533 2973 654 3028 vecturis
673 2989 722 3028 cuc.
793 2972 917 3026 occulis
982 2979 1015 3027 10
1034 2971 1095 3025 uin-

79 3043 200 3099 didisses
256 3049 289 3098 13
314 3044 401 3097 habet
424 3060 473 3098 cm.
531 3048 563 3098 16
582 3045 701 3098 educant
720 3044 854 3113 (educunt
873 3044 911 3112 V)
969 3049 1002 3098 18
1021 3044 1095 3111 quod

78 3115 273 3185 pertinetem.
350 3121 381 3168 19
401 3131 484 3169 canes
503 3113 578 3169 enim
649 3121 683 3168 20
702 3114 788 3184 quod]
810 3116 858 3182 qui
916 3120 950 3169 27
969 3131 1095 3184 pascere-

78 3191 127 3240 tur
146 3201 179 3241 eo
197 3186 322 3240 uenisset

170 3369 186 3416 6
206 3362 302 3418 oculos
321 3362 469 3417 Iucundos
542 3367 574 3416 19
598 3361 675 3416 canis
699 3362 808 3416 enimc
879 3361 921 3415 ita
940 3362 1032 3415 custos
1051 3364 1095 3414 est

79 3433 191 3504 pecoris
209 3435 243 3488 ut
260 3434 333 3500 eius,
357 3433 430 3501 quod
455 3450 488 3487 eo
511 3435 613 3487 comite
632 3433 742 3502 indiget
760 3433 907 3487 Iucundos
978 3437 1012 3484 24
1032 3446 1095 3486 sues

79 3506 180 3561 deleuit
203 3504 359 3560 Pontedera
382 3505 467 3572 antiq.
485 3522 515 3573 p.
535 3509 591 3559 438
681 3511 714 3558 27
738 3511 901 3573 pasceretur
923 3506 952 3557 et
974 3503 1096 3558 uenisset

79 3593 151 3632 corr.
170 3577 333 3645 pasceretur
352 3592 385 3631 eo
404 3577 433 3630 et
450 3575 574 3629 uenisset
595 3576 652 3630 cod.
672 3576 738 3630 Par.
