2430 3952
285 207 416 262 RERVM
433 207 669 264 uvsncauvu
687 209 756 265 LlB.
769 209 811 264 III
825 216 894 266 1-2
1027 211 1091 277 123

73 353 240 436 sticarum,
262 374 345 437 quae
366 353 547 418 constituta
569 359 646 418 suut
667 354 794 419 fructus
817 378 924 438 eausa,
948 357 1014 421 tria
1036 378 1092 442 ge

72 462 168 525 nera,
194 462 297 505 unum
318 441 358 505 de
381 441 455 525 agri
477 442 617 525 cultura,
646 443 786 508 alterum
808 444 848 509 de
870 466 906 508 re
928 446 1090 529 pecuaria,

71 530 207 595 tertium
234 529 275 594 de
301 529 455 594 villaticis
481 531 699 614 pastionibus,
726 536 792 596 tres
821 532 924 597 libros
953 533 1092 617 institui,

74 642 92 684 1
115 619 189 702 quis
212 618 277 683 duo
300 618 426 702 scripsi,
448 619 590 703 primum
613 620 653 683 ad
671 619 876 686 Fundaniam
894 642 1029 686 uxorem
1051 622 1091 687 de

45 708 148 792 sagri
179 708 322 789 cultura,
359 706 536 772 secundum
568 708 607 772 de
638 710 790 792 pecuaria
822 710 862 774 ad
895 710 1091 774 Turranium

71 795 229 882 Nigrum:
248 795 305 879 qui
322 795 467 879 reliquus
485 800 537 861 est
554 798 671 861 tertius
690 798 729 861 de
747 798 902 863 villaticis
921 799 1091 880 fructibus,

72 887 108 949 in
133 885 197 950 hoc
220 885 262 948 ad
279 887 313 948 te
331 885 439 966 mitto,
461 886 547 969 quod
565 885 656 949 visus
675 908 748 949 sum
766 887 883 951 debere
902 909 960 971 pro
979 892 1092 952 nostra

72 973 242 1038 vicinitate
270 976 304 1037 et
331 994 442 1038 amore
472 974 612 1038 scribere
635 975 843 1056 potissimum
867 977 907 1040 ad
930 981 973 1040 11.
1017 984 1144 1042 1111110

72 1061 160 1126 enim
191 1061 304 1126 villam
336 1061 474 1126 haberes
507 1083 603 1144 opere
635 1064 773 1128 tectorio
806 1068 839 1128 et
866 1065 1023 1129 intestino
1053 1085 1092 1129 ac

32 1171 60 1212 11
72 1150 271 1234 pavimentis
294 1149 460 1214 nobilibus
483 1149 681 1215 lithostrotis
702 1153 911 1236 spectandam
930 1159 960 1217 el
976 1175 1091 1237 parum

71 1243 224 1324 putasses
248 1260 328 1319 esse,
350 1239 386 1302 ni
409 1239 473 1302 tuis
496 1260 624 1324 quoque
647 1241 767 1305 litteris
786 1242 932 1306 exornati
950 1242 1090 1324 parietes

72 1330 191 1410 essent,
214 1347 275 1411 ego
299 1347 437 1412 quoque,
460 1349 523 1411 quo
543 1329 689 1393 ornatior
708 1351 746 1393 ea
765 1351 836 1394 esse
853 1334 965 1413 posset
983 1331 1091 1395 11111111

73 1416 175 1501 [quod
203 1415 323 1500 factu],
351 1416 437 1499 quod
464 1416 569 1481 facere
596 1438 737 1500 possem,
769 1418 849 1483 haec
877 1418 919 1483 ad
946 1422 979 1483 11
1006 1419 1090 1500 misi,

71 1503 262 1569 recordatus
286 1503 325 1567 de
347 1525 387 1568 ea
408 1525 443 1568 re
466 1526 644 1583 sermones,
673 1527 753 1589 quos
782 1505 821 1570 de
845 1507 923 1571 villa
946 1507 1090 1589 perfecta

31 1612 58 1654 rs
71 1592 310 1658 habuissemus.
324 1592 490 1676 dequibus
506 1594 704 1676 exponendis
718 1594 849 1658 initium
864 1595 990 1677 capiam
1004 1594 1090 1659 hinc.

82 1677 84 1682 ’
163 1678 314 1746 Comitiis
333 1681 492 1746 aediliciis
511 1704 584 1746 cum
603 1683 671 1746 sole
690 1682 783 1747 caldo
803 1702 865 1767 ego
884 1687 918 1746 et
936 1681 1125 1757 (11111111

73 1772 206 1836 senator
239 1769 367 1834 tribulis
400 1771 594 1853 suffragium
627 1771 813 1835 tulissemus
848 1776 882 1835 et
908 1770 1090 1852 candidato,

71 1859 124 1924 cui
152 1858 376 1941 studebamus,
404 1859 560 1923 vellemus
591 1882 661 1943 esse
683 1864 828 1943 praesto,
856 1882 930 1925 cum
959 1859 1090 1924 domum

70 1946 202 2031 rediret,
224 1947 326 2012 Axius
350 1947 441 2030 mihi,
463 1946 550 2011 Dum
574 1949 765 2030 diribentur,
788 1949 903 2032 inquit,
926 1949 1090 2032 suffragia,

31 2055 59 2095 so
72 2037 124 2101 vis
147 2035 258 2118 potius
277 2035 373 2100 villae
391 2036 540 2119 publicae
559 2041 688 2102 utamur
706 2038 831 2115 umbra,
855 2059 952 2122 quam
969 2037 1090 2120 privati

70 2123 240 2189 candidati
253 2124 375 2188 tabella
389 2129 410 2206 †
424 2125 595 2195 dimidiata
608 2126 814 2190 aedificemus
824 2126 941 2191 nobis?
957 2126 1089 2210 Opinor‚

70 2214 218 2297 inquam,
245 2233 311 2276 uon
339 2213 459 2297 solum,
490 2214 577 2296 quod
605 2213 737 2297 dicitur,
767 2216 888 2278 malum
918 2215 1089 2280 consilium

70 2301 254 2367 consultori
278 2304 329 2365 est
351 2302 538 2385 pessimum,
564 2302 619 2364 sed
643 2303 742 2365 etiam
766 2302 885 2366 bonum
907 2303 1089 2386 consilium,

70 2389 128 2476 qui
152 2389 293 2455 consulit
315 2394 348 2453 et
367 2391 422 2474 qui
442 2390 629 2472 consulitur,
652 2390 774 2454 bonum
792 2391 986 2454 habendum.
1023 2388 1087 2453 Ita·

28 2498 56 2540 11
71 2499 135 2564 que
158 2479 258 2556 imus,
287 2479 434 2542 venimus
457 2479 491 2542 iu
514 2479 634 2544 villam.
680 2477 726 2542 ibi
751 2478 894 2563 Appium
918 2475 1089 2542 Claudium
1123 2486 1141 2542 2

71 2587 230 2652 augurem
254 2566 419 2630 sedentem
443 2567 624 2632 invenimus
648 2567 683 2631 iu
704 2567 878 2650 subselliis,
901 2568 937 2630 ut
956 2567 1089 2648 consuli,

70 2653 182 2740 siquid
209 2675 287 2718 usus
320 2656 538 2739 poposcisset,
573 2659 658 2720 esset
685 2658 827 2738 praesto.
885 2655 1018 2718 sedebat
1048 2653 1089 2718 ad

71 2743 242 2809 sinistram
266 2742 296 2806 ei
320 2740 490 2808 Cornelius
514 2743 639 2810 Merula
662 2744 826 2809 consulari
849 2742 975 2809 familia
998 2746 1089 2807 ortus

70 2835 107 2897 et
124 2830 296 2896 Fircellius
315 2831 403 2897 Pavo
422 2831 591 2918 Reatinus,
609 2833 649 2896 ad
669 2833 815 2896 dextram
834 2831 994 2898 Minucius
1012 2832 1090 2895 Pica

25 2941 56 2982 ao
72 2924 108 2986 et
129 2919 173 2987 M.
196 2919 368 2985 Petronius
393 2921 519 2987 Passer.
553 2922 593 2986 ad
618 2943 714 3007 quem
738 2943 810 2985 cum
835 2921 1090 3002 accessissemus,

165 3116 178 3164 1
204 3110 357 3166 constituta
380 3115 446 3167 1111
469 3111 635 3181 (constituta
661 3112 719 3166 sint
743 3113 904 3183 apoyrapbu
928 3113 1089 3178 recentiora)

74 3188 109 3236 10
133 3181 318 3251 spectandam
340 3200 439 3252 parum
513 3188 545 3236 11
569 3184 599 3237 ni
624 3184 679 3238 tuis
702 3182 768 3239 Vct
786 3183 843 3238 cod.
863 3183 956 3250 Flou,
980 3183 1009 3236 in
1033 3181 1090 3236 tuis

71 3253 174 3322 reliqui
247 3258 280 3307 16
308 3254 337 3307 et
360 3270 414 3322 que
438 3253 516 3307 axius
540 3255 637 3324 (atque
661 3252 741 3307 axius
763 3253 801 3323 V)
877 3260 908 3308 17
928 3252 1091 3308 candidatos

73 3329 108 3378 19
127 3322 227 3391 inquid
268 3329 302 3378 23
322 3326 366 3378 est
384 3323 537 3394 pessimum
557 3327 629 3394 (esso
646 3324 800 3395 pessimum
823 3324 860 3393 V)
902 3330 936 3378 29
954 3324 1090 3376 minutius

165 3489 198 3538 10
218 3463 401 3554 spectandam
420 3500 574 3552 parumque
593 3483 723 3552 putasses
747 3483 864 3538 Ursinus
908 3486 941 3535 1s
962 3479 992 3545 Q.
1004 3479 1091 3535 Axius

78 3553 218 3610 Victorius
293 3561 325 3609 17
345 3554 494 3610 candidato
516 3556 663 3610 Iucundos
