2430 3952
150 215 192 279 98
567 213 753 269 VARRONIS

150 361 251 425 latine
280 382 376 444 quam
406 358 552 422 Hirrium
575 363 758 442 praetorem
781 359 1002 423 renuntiatum
1026 359 1168 424 Romam

150 451 185 513 in
213 456 359 513 senatum
390 449 548 530 scriptum
578 448 744 512 habemus.
791 448 845 512 sed
874 449 960 512 bono
989 449 1098 513 animo
1122 470 1168 531 es,

151 560 217 602 non
231 539 338 601 minus
355 535 554 601 satisfaciam
568 536 639 618 tibi,
654 558 750 620 quam
766 538 819 620 qui
832 535 1014 622 Bugoniam
1026 536 1167 620 scripsit.

122 636 139 693 6
239 626 383 689 Primum
407 626 441 688 in
462 624 582 688 bubulo
602 644 717 708 genere
738 626 855 689 aetatis
874 626 993 709 gradus
1012 626 1167 690 dicuntur

152 717 313 799 quattuor,
336 714 442 797 prima
463 715 647 796 vitulorum,
671 714 810 777 secunda
827 714 1046 798 iuvencorum,
1069 715 1168 778 tertia
1193 740 1205 780 s

151 805 269 868 bovum
298 802 518 884 novellorum,
551 807 667 886 quarta
698 802 890 866 vetulorum.
942 802 1169 867 discernuntur

151 893 185 955 in
216 892 322 975 prima
354 890 474 955 vitulus
508 895 540 954 et
571 890 685 972 vitula,
714 891 748 953 in
782 892 920 955 secunda
952 893 1105 955 iuvencus
1136 894 1170 954 et

150 981 299 1062 iuvenca,
331 980 366 1042 in
398 978 496 1042 tertia
527 983 559 1042 et
587 983 704 1061 quarta
732 983 844 1043 taurus
873 984 906 1044 et
932 1001 1038 1044 vacca.
1085 1001 1168 1063 quae

117 1091 119 1094 ⁴
153 1069 272 1132 sterilis
307 1072 356 1132 est
390 1088 503 1150 vacca,
534 1069 629 1130 taura
662 1068 843 1150 appellata3
882 1090 963 1151 quae
995 1088 1169 1152 praegnas,

151 1157 263 1221 horda.
320 1155 361 1219 ab
394 1177 431 1219 eo
464 1155 496 1218 in
530 1156 623 1219 fastis
659 1155 726 1219 dies
759 1155 937 1221 hordicidia
969 1157 1169 1240 nominatur,
1182 1182 1207 1222 10

122 1244 236 1328 'lquod
267 1250 337 1308 tum
360 1243 482 1308 hordae
506 1244 605 1308 boves
628 1245 836 1309 inmolautur.
882 1247 936 1328 qui
960 1265 1093 1328 gregem
1116 1266 1167 1309 ar·

152 1337 334 1397 mentorum
367 1354 471 1396 emere
503 1333 585 1416 vult,
618 1333 789 1397 observare
819 1333 915 1397 debet
942 1335 1097 1417 primum,
1130 1337 1167 1397 ut

152 1423 219 1485 sint
252 1443 307 1486 eae
339 1421 477 1505 pecudes
512 1425 617 1485 aetate
648 1422 756 1504 potius
787 1422 827 1486 ad
859 1421 983 1486 fructos
1015 1421 1167 1489 ferendos

152 1511 299 1594 integrae
323 1532 421 1594 quam
443 1510 510 1574 iam
529 1514 694 1595 expertae,
718 1516 755 1574 ut
774 1512 840 1574 sint
862 1510 943 1574 bene
967 1509 1167 1594 conpositae,
1202 1513 1207 1520 ’

151 1603 189 1663 ut
214 1599 350 1683 integris
378 1599 545 1681 membris,
579 1599 753 1682 oblongae,
787 1599 928 1683 amplae,
957 1598 1166 1683 nigrantibus
1181 1623 1207 1664 rs

153 1688 312 1769 cornibus,
331 1687 408 1751 latis
422 1687 595 1770 frontibus,
614 1688 715 1752 oculis
731 1689 858 1772 magnis
874 1693 907 1752 et
920 1689 1032 1772 nigris,
1050 1687 1167 1771 pilosis

152 1776 295 1853 auribus,
313 1776 496 1858 conpressis
515 1776 611 1839 malis
631 1776 804 1860 subsimae,
826 1798 866 1840 ne
885 1777 1048 1860 gibberae,
1071 1775 1168 1859 spina

151 1864 267 1928 leviter
289 1864 434 1946 remissa,
458 1864 577 1947 apertis
601 1865 748 1946 naribus,
776 1865 878 1929 labris
902 1864 1078 1948 subnigris,
1101 1885 1167 1928 cer·

122 1952 276 2018 Svicibus
301 1953 417 2015 crassis
442 1974 479 2015 ac
502 1953 625 2035 longis,
656 1975 675 2016 a
698 1954 782 2018 collo
806 1955 900 2037 palea
924 1953 1074 2035 demissa,
1097 1974 1166 2017 cor·

152 2062 231 2124 pore
249 2041 330 2103 bene
350 2044 485 2116 costato,
509 2041 586 2104 latis
605 2041 733 2124 umeris,
755 2043 850 2107 bonis
870 2042 1026 2122 clunibus,
1050 2041 1166 2106 codam
1180 2066 1207 2106 so

153 2129 318 2211 profusam
333 2150 435 2213 usque
450 2129 491 2192 ad
506 2129 608 2193 calces
622 2132 659 2193 ut
672 2131 823 2215 habeant,
838 2131 1023 2195 inferiorem
1037 2132 1166 2213 partem

152 2216 374 2302 frequentibus
402 2217 478 2302 pilis
508 2218 722 2303 subcrispam,
750 2219 896 2284 cruribus
924 2219 1032 2302 potius
1063 2218 1166 2282 mino·

151 2306 241 2369 ribus
273 2306 384 2389 rectis,
424 2307 559 2390 genibus
594 2308 742 2372 eminulis
775 2308 971 2372 distantibus
1004 2307 1090 2372 inter
1122 2328 1167 2384 se,

152 2395 287 2478 pedibus
314 2416 380 2459 non
409 2395 498 2480 latis,
530 2417 633 2480 neque
667 2397 924 2482 ingredientibus
956 2397 1011 2481 qui
1043 2395 1166 2480 displu·

151 2484 282 2567 dantur,
309 2506 368 2548 neo
396 2485 486 2548 cuius
515 2484 654 2569 ungulae
683 2486 839 2568 divarent,
867 2490 899 2550 et
927 2485 1016 2549 cuius
1040 2505 1166 2570 ungues
1180 2506 1207 2547 ss

153 2574 217 2636 sint
239 2574 325 2637 leves
350 2578 382 2636 et
405 2595 509 2656 pares,
532 2574 655 2637 corium
681 2577 726 2655 [a]
752 2577 840 2639 tactu
865 2596 929 2639 non
953 2594 1105 2657 asperum
1129 2595 1167 2638 ac

243 2716 256 2762 1
276 2711 392 2764 hirrium
413 2710 539 2780 (birtium
562 2711 597 2781 V,
616 2710 739 2780 hyrtium
758 2713 816 2767 cod.
836 2713 925 2780 Flos,
952 2710 1071 2765 hirrium
1096 2710 1166 2766 Vsu.

152 2787 177 2835 et
190 2782 316 2848 plurimu
335 2784 505 2852 apographa)
628 2789 643 2836 6
662 2783 775 2838 nouello
795 2784 980 2851 (nouellorum
1003 2781 1166 2849 V‚nouello

153 2868 221 2907 corr.
241 2851 417 2906 nouellorum
440 2855 548 2908 ridetur
574 2855 606 2908 u'u
624 2856 769 2924 archetypo
787 2855 882 2923 fuisse)
956 2859 989 2906 10
1007 2851 1166 2907 infastidies

154 2921 194 2991 (in
212 2922 293 2975 fastis
318 2923 376 2976 dics
401 2924 439 2987 V)
506 2924 662 2979 hordiealia
683 2924 864 2979 nominantur
952 2931 984 2978 17
1011 2923 1166 2979 subsimine

152 2992 263 3061 gibberi
337 3000 369 3047 18
389 2993 517 3063 subagris
590 3002 623 3049 19
643 2995 746 3064 grossis
801 3013 819 3050 a
837 2997 910 3050 collo
930 3012 1046 3065 corpore
1064 2995 1166 3063 apoleo

153 3063 274 3117 demissa
293 3064 425 3133 (demisso
444 3066 482 3133 V)
502 3066 573 3120 bene
593 3068 715 3122 costatus
770 3072 803 3120 22
824 3067 974 3136 subcrispis
1029 3072 1063 3120 23
1081 3066 1167 3120 inter·

153 3135 284 3203 spedibus
357 3141 390 3189 26
409 3137 528 3208 corium]
547 3137 649 3192 terium

244 3282 277 3331 10
295 3275 452 3332 hordicidia
470 3278 620 3334 Muellerus
638 3282 670 3334 iu
688 3280 761 3334 Fest.
779 3284 887 3348 p.102,
906 3284 942 3335 15
1004 3278 1167 3333 nominatur

158 3347 275 3403 Ursinus
339 3355 371 3403 17
392 3347 532 3403 subsimae
551 3368 586 3404 ne
605 3349 738 3418 gibberae
762 3351 878 3406 Ursinus
938 3357 970 3405 18
990 3349 1131 3418 subnigris
1150 3367 1166 3403 u

154 3425 187 3473 19
216 3436 233 3473 a
258 3420 330 3474 collo
358 3419 518 3488 palearibus
546 3420 674 3475 demissis
703 3439 818 3491 corpore
841 3423 936 3492 amplo
960 3421 1032 3476 bene
1056 3421 1165 3476 costato

154 3491 301 3615 {pruneius
350 3496 383 3545 22
403 3491 576 3560 subcrispam
596 3494 742 3548 Iueuudus
788 3498 821 3547 23
841 3490 914 3548 inter
933 3509 962 3547 se
980 3492 1099 3562 pedibus
1116 3509 1165 3546 mu

207 3578 312 3615 conum
331 3579 347 3616 u
