2430 3952
151 203 191 266 16
209 274 212 278 ἢ
563 201 750 256 vassorus

147 347 253 433 magis
288 350 364 410 sunt
393 346 463 430 agri
491 348 634 410 culturae
661 349 781 429 partes.
825 366 891 408 non
919 345 1019 429 enim,
1052 344 1162 429 siquid

134 440 280 520 ⁴propter
308 455 422 518 agrum
450 440 507 499 aut
536 435 634 498 etiam
662 435 696 497 in
724 454 802 517 agro
830 433 995 517 profectus
1020 432 1162 517 domino,
1207 491 1209 546 ,

104 596 106 600 Α
148 526 220 608 agri
253 525 398 588 culturae
430 528 599 605 acceptum
628 521 746 585 referre
775 522 884 599 debet,
918 521 974 586 sed
1001 522 1034 586 id
1062 522 1163 605 modo

95 621 137 678 24
149 614 234 696 quod
253 634 292 676 ex
311 614 436 676 satione
455 616 542 675 terra
561 612 604 675 sit
622 614 736 674 natum
756 610 795 673 ad
813 609 993 674 fruendum.
1017 609 1162 693 Suscipit

53 709 56 713 ’
149 699 251 784 Stolo,
274 701 332 783 Tu,
355 701 470 785 inquit,
493 700 617 764 invides
641 703 734 764 tanto
759 699 908 782 scriptori
933 702 965 762 et
989 699 1161 783 obstrigil·
1187 717 1200 760 s

148 789 237 854 laudi
252 811 349 853 causa
361 789 491 873 figlinas
502 787 718 871 reprehendis,
732 810 805 851 cunr
814 787 981 870 praeclara
991 787 1163 871 quaedam,

147 900 188 941 ne
207 878 328 960 laudes,
351 878 604 960 praetermittas,
628 898 710 960 quac
737 875 776 939 ad
796 874 868 959 agri
888 877 1047 939 culturam
1068 875 1163 940 vehe-

96 970 274 1044 25mcnter
296 966 488 1050 pertineant.
523 963 605 1029 Oum
628 964 817 1028 subrisisset
839 961 961 1045 Scrofa,
985 963 1071 1046 quod
1093 986 1164 1029 non

149 1054 324 1139 ignorabat
351 1054 452 1117 libros
481 1056 513 1116 et
541 1052 753 1137 despiciebat,
782 1056 815 1116 et
836 1051 995 1136 Agrasius
1020 1074 1054 1116 se
1079 1053 1162 1117 scire

149 1143 246 1206 modo
270 1146 402 1226 putaret
419 1163 456 1206 ac
476 1139 643 1206 Stolonem
665 1144 815 1225 rogasset
833 1145 870 1203 ut
889 1140 1015 1222 diceret,
1039 1142 1162 1225 coepitt
1176 1161 1198 1202 a

151 1230 271 1295 Scribit
295 1231 423 1293 cimices
448 1251 542 1313 quem
567 1229 607 1294 ad
630 1229 761 1293 modum
784 1228 922 1292 interfici
942 1232 1091 1313 oporteat
1108 1230 1162 1294 his

149 1319 266 1397 verbis,
281 1317 493 1383 ‘cucumerem
508 1318 686 1402 anguinum
700 1317 830 1382 condito
845 1316 879 1381 in
894 1338 1011 1400 aquam
1026 1338 1163 1401 eamque

150 1407 312 1471 infundite
337 1428 400 1491 quo
424 1407 522 1490 voles,
548 1407 631 1471 nulli
655 1407 822 1488 accedent3
860 1405 910 1469 vel
933 1406 977 1469 fel
1000 1406 1164 1471 bubulum

96 1505 138 1562 26
150 1518 222 1560 cum
237 1500 328 1560 aceto
344 1497 490 1576 mixtum,
508 1495 645 1579 unguito
665 1491 806 1558 lectum'.
836 1492 1024 1557 Fundanius
1044 1495 1164 1577 aspicit

151 1585 191 1648 ad
208 1581 365 1668 Scrofam,
389 1584 433 1648 Et
451 1586 561 1647 tamen
579 1606 690 1648 verum
711 1583 798 1664 dicit,
820 1582 936 1665 inquit,
959 1583 1021 1666 hio,
1043 1586 1081 1647 ut
1098 1583 1163 1648 hcc
1176 1602 1198 1645 rs

151 1673 318 1756 scripserit
340 1673 374 1735 in
393 1674 464 1756 agri
483 1672 617 1737 cultura.
652 1670 733 1752 Ille,
745 1669 827 1733 Tam
846 1670 955 1734 hercle
975 1692 1072 1754 quam
1090 1671 1164 1756 hoc,

151 1763 275 1844 siquem
297 1761 447 1844 glabrum
461 1759 567 1824 faeere
581 1760 672 1842 velis,
691 1759 775 1844 quod
789 1759 880 1844 iubet
892 1780 1007 1823 ranam
1021 1758 1165 1825 luridam

150 1851 273 1913 coicere
297 1851 331 1911 in
355 1870 481 1932 aquam,
504 1870 606 1931 usque
630 1869 693 1931 qua
717 1846 757 1911 ad
776 1847 906 1910 tertiam
924 1851 1051 1931 partem
1070 1847 1164 1914 deco·

149 1936 244 2020 xoris,
258 1958 357 2019 eoque
373 1957 514 2019 unguere
529 1958 655 2019 corpus.
678 1935 760 2020 Ego,
780 1934 873 2011 Quod
888 1937 1001 2019 magis,
1020 1936 1165 2022 inquam,

139 2027 313 2107 pertineat
337 2024 376 2087 ad
395 2023 544 2088 Fundani
567 2024 784 2088 valetudinem
805 2025 863 2104 [et]
885 2025 920 2086 in
939 2046 976 2088 eo
995 2025 1090 2108 libro,
1113 2031 1165 2090 est

152 2113 252 2177 satius
268 2112 369 2176 dicas:
393 2134 469 2175 nam
483 2113 616 2176 huiusce
630 2112 727 2196 pedes
743 2113 851 2176 solent
866 2112 983 2194 dolere,
1001 2113 1034 2176 in
1054 2112 1164 2178 fronte

99 2201 341 2278 tlcontrahere
365 2221 472 2284 rugas.
518 2200 578 2265 Dic
602 2201 712 2286 sodes,
727 2200 834 2285 inquit
856 2199 1057 2265 Fundanius:
1086 2223 1165 2266 nam

152 2290 237 2353 malo
262 2290 300 2353 de
323 2289 404 2352 meis
428 2289 563 2372 pedibus
587 2290 707 2374 audire,
731 2311 828 2373 quam
852 2311 947 2373 quem
971 2289 1164 2354 admodum

151 2379 248 2460 pedes
273 2379 422 2442 betaceos
445 2378 509 2442 seri
528 2383 684 2461 oporteat.
723 2378 813 2442 Stolo
833 2377 1015 2462 subridens,
1037 2377 1165 2463 Dicam,

151 2467 267 2551 inquit,
290 2467 411 2530 eisdem
435 2467 551 2550 quibus
574 2467 629 2531 ille
653 2468 760 2531 verbis
781 2466 911 2550 scripsit
929 2466 982 2529 vel
1001 2465 1164 2550 Tarquen·
1179 2485 1201 2528 rs

152 2577 229 2618 nam
253 2556 375 2640 audivi3
408 2577 480 2619 cum
504 2555 629 2619 homini
648 2555 744 2635 pedes
765 2554 873 2618 dolere
893 2555 1085 2636 coepissent,
1109 2556 1165 2639 qui

151 2644 200 2704 tui
232 2644 441 2723 meminisset,
474 2647 503 2707 ei
536 2642 656 2705 mederi
688 2664 792 2726 posse.
848 2662 908 2725 ego
940 2643 989 2706 tui
1021 2644 1166 2727 memini,

152 2729 278 2794 medere
302 2731 549 2814 meis‘pedibus,
573 2729 673 2795 ‘terra
695 2735 820 2814 pestem
842 2733 966 2809 teneto,
998 2731 1086 2796 salus
1109 2731 1166 2796 hic
1207 2792 1209 2797 Α

152 2823 280 2880 maneto
313 2819 348 2880 in
381 2819 460 2883 meis
493 2817 651 2902 pedibus'.
697 2819 758 2883 hoc
786 2823 836 2882 ter
868 2820 1000 2883 noviens
1033 2823 1165 2884 cantare
1206 2868 1209 2927 ,

242 2981 259 3026 4
278 2974 326 3046 ex]
344 2991 395 3028 nec
482 2982 497 3029 s
518 2962 713 3044 obstrigilandi
732 2973 954 3045 (obstriginandi
972 2977 1029 3030 coa.
1050 2976 1119 3029 Par.
1138 2983 1165 3030 a
1207 2951 1209 3044 ξ

152 3046 314 3112 apographa
332 3047 468 3100 nonnulla
485 3049 647 3114 recentiora)
753 3053 785 3100 16
804 3047 878 3099 ercle
981 3052 1015 3100 20
1034 3045 1209 3100 fundanii·

152 3121 186 3167 29
205 3116 322 3166 nobisne
343 3115 452 3176 (nonies
476 3117 543 3172 Vct
560 3119 697 3173 nonnulla
715 3118 886 3187 apographa)

241 3258 352 3324 tquod
376 3275 409 3310 ex
432 3256 541 3312 satione
566 3257 641 3313 terra
667 3259 705 3312 sit
727 3261 824 3313 natum
852 3259 1002 3325 Victoriae,
1032 3257 1107 3326 quod
1130 3275 1166 3312 ex

153 3328 229 3380 terra
246 3328 354 3382 satione
373 3330 471 3382 natum
491 3328 671 3385 Schneideras
742 3336 776 3383 29
800 3331 829 3383 in
848 3330 919 3382 meis
937 3328 1055 3398 pedibus
1074 3330 1165 3382 delerr-

154 3399 219 3450 dam
238 3414 291 3452 csse
310 3400 453 3453 adnotabit
472 3398 617 3456 Victorius.
641 3403 799 3455 saturniam
817 3417 936 3466 oasam,
961 3401 1037 3454 terra
1055 3402 1165 3467 pestem

152 3470 259 3536 teneto,
280 3469 327 3522 hic
342 3469 417 3523 salus
433 3471 554 3538 maneto,
566 3478 629 3540 port
644 3472 818 3542 Korscbr'am,
832 3472 953 3526 restituit
966 3471 999 3525 L.
1012 3471 1165 3526 Muellerus

154 3539 186 3591 de
204 3555 269 3594 cere.
290 3539 348 3595 sar.
364 3558 394 3610 p.
410 3546 463 3596 119
