2430 3952
153 192 217 257 130
558 190 744 246 vicaonis

149 338 312 422 leporario
335 340 392 421 pat
394 359 429 401 er
451 340 539 420 tuus,
567 336 645 417 Axi,
672 339 899 438 praeterquam
921 335 1124 419 lepusculum
1148 357 1166 399 e

150 426 327 491 venatione
345 425 427 490 vidit
448 447 634 509 numquam.
676 446 779 508 neque
804 425 890 488 enim
914 427 986 488 erat
1008 445 1166 509 magnum

151 515 184 578 id
214 518 375 599 saeptum,
408 515 494 598 quod
527 534 613 578 nunc
641 517 679 577 ut
705 513 827 576 habeat
855 513 975 577 multos
1003 534 1099 596 apros
1129 533 1167 576 ac

151 625 297 687 capreas,
330 602 526 687 conplura
517 622 630 688 iugera
662 602 809 665 maceriis
843 601 1048 666 concludunt.
1097 622 1166 666 non

151 695 200 774 tu,
233 691 340 774 inquit
367 691 463 775 mihi,
497 712 570 755 cum
599 689 706 755 emisti
733 689 868 753 fundum
897 689 1118 754 Tusculanum
1142 712 1167 754 e
1194 708 1208 750 s

122 779 196 846 eM.
214 779 374 882 Pisone,
365 800 400 843 ιιι
418 779 580 881 leporario
603 778 673 880 apri
696 777 828 842 fuerunt
851 776 1014 842 multi?
1004 799 1039 842 1n
1066 778 1167 842 tertia

150 868 237 952 parti
272 869 343 952 quis
375 868 518 932 habebat
549 868 707 951 piscinam
739 867 802 930 nisi
836 867 1026 931 dulcemet
1058 888 1167 930 1nea

151 957 319 1021 dumtaxat
305 957 472 1041 tsqualos
492 977 528 1020 ac
547 955 684 1039 mugiles
701 955 831 1056 pisces?
858 956 930 1038 quis
949 958 1062 1018 contra
1080 976 1167 1019 nunc

150 1045 235 1109 mint
220 1045 300 1110 thon
323 1066 389 1109 non
412 1044 489 1108 dicit
512 1065 571 1108 suu
593 1043 747 1107 nihil't
699 1047 747 1106 rnt
749 1065 869 1121 cresse,
897 1043 1047 1106 utrum
1038 1043 1077 1106 ris
1100 1045 1166 1126 pis·

150 1134 241 1198 cibus
260 1137 414 1216 stagnum
432 1131 554 1196 habeat
571 1133 700 1214 plenum
717 1153 758 1195 an
772 1132 882 1196 ranis?
905 1153 973 1196 non
986 1130 1167 1214 Philippus,
1181 1152 1207 1191 ιο

151 1243 224 1285 cum
252 1220 294 1284 ad
316 1220 516 1285 meidium
544 1220 708 1304 hospitem
731 1218 841 1285 Casini
865 1220 1056 1284 devertisset
1080 1223 1114 1283 et
1137 1222 1167 1284 ei

152 1331 168 1372 e
200 1311 257 1372 tuo
288 1308 420 1372 flumine
452 1309 563 1391 lupum
596 1309 715 1392 piscem
748 1309 927 1374 formosum
961 1307 1168 1391 adposuisset

151 1400 246 1480 atque
276 1397 331 1460 ille
359 1400 525 1480 gustasset
553 1402 586 1462 et
617 1397 795 1480 expuisset,
827 1397 917 1478 dixit,
949 1395 1100 1479 peream,
1132 1397 1167 1460 ni

97 1487 272 1569 lOpiscem
295 1486 408 1568 putavi
432 1484 536 1549 esse'?
573 1485 619 1549 sic
641 1490 755 1550 nostra
783 1489 872 1549 aetas
896 1486 1049 1568 inquam
1075 1485 1166 1550 luxu·

149 1574 232 1638 riam
260 1574 455 1658 propagavit
483 1573 658 1658 leporaria,
690 1574 751 1638 hac
782 1574 925 1657 piscinas
954 1573 1094 1657 protulit
1126 1573 1167 1638 ad
1181 1592 1205 1633 ιι

149 1685 237 1727 mare
270 1665 304 1726 et
335 1661 370 1725 in
403 1683 457 1726 eas
489 1663 636 1746 pelagios
669 1683 784 1746 greges
817 1662 955 1745 piscium
992 1663 1167 1727 revocavit.

148 1773 214 1815 non
240 1753 374 1834 propter
400 1750 460 1814 has
491 1751 647 1834 appellati
676 1748 808 1835 Sergius
832 1749 932 1814 Orata
962 1753 995 1814 et
1022 1748 1167 1815 Licinius

148 1838 307 1919 Murena?
346 1839 418 1922 quis
443 1839 529 1902 enim
552 1843 686 1922 propter
708 1839 895 1903 nobilitates
919 1839 1050 1922 ignorat
1071 1839 1168 1922 pisci·

149 1948 209 1991 nas
232 1926 387 2010 Philippi,
410 1925 576 2010 Hortensi,
599 1925 830 1992 Lucullorum?
861 1949 960 2012 quare
978 1926 1062 1991 unde
1085 1928 1166 1991 velis

95 2028 136 2084 IV
150 2036 201 2079 me
225 2015 375 2098 incipere,
398 2015 470 2097 Axi,
494 2014 553 2080 dic.
597 2015 666 2096 Ille,
688 2015 761 2100 Ego
784 2037 872 2098 vero,
894 2016 1009 2098 inquit,
1031 2035 1052 2078 a
1074 2019 1165 2099 post·
1180 2035 1205 2075 ιι

148 2103 324 2187 principiis,
343 2107 380 2167 ut
399 2103 490 2167 aiunt
508 2104 544 2167 in
562 2104 687 2186 castris,
710 2104 743 2168 id
765 2107 814 2168 est
833 2104 874 2168 ab
893 2104 945 2168 his
963 2103 1165 2187 temporibus

149 2213 246 2275 quam
270 2192 505 2276 superioribus,
533 2192 618 2275 quod
649 2214 688 2256 ex
714 2193 897 2276 pavonibus
925 2192 1048 2256 fructus
1077 2193 1165 2276 capi-

150 2284 248 2345 untur
270 2281 409 2344 maiores
433 2303 531 2364 quam
554 2302 572 2344 e
595 2281 736 2365 gallinis.
782 2285 878 2364 atque
910 2280 989 2345 adeo
1011 2302 1079 2346 non
1102 2281 1165 2346 dis-

150 2369 319 2446 simulabo,
342 2368 428 2453 quod
453 2371 527 2434 volo
551 2369 589 2433 de
613 2370 784 2434 ornithone
806 2370 956 2453 primum,
980 2368 1066 2452 quod
1084 2370 1166 2434 lucri

148 2457 294 2522 fecerunt
316 2458 378 2522 hoc
401 2479 521 2522 nomen
542 2457 638 2522 turdi.
681 2459 851 2541 sexaginta
873 2459 959 2522 enim
982 2458 1073 2522 milia
1095 2455 1163 2522 Fir·
1179 2476 1204 2517 ιι

149 2547 252 2610 celina
275 2545 413 2610 excande
436 2568 487 2609 me
511 2546 655 2610 fecerunt
678 2546 862 2629 cupiditate.

118 2641 137 2697 2
236 2633 370 2717 Merula,
391 2633 464 2698 Duo
485 2656 605 2718 genera
619 2640 703 2718 sunt,
721 2635 836 2718 inquit,
854 2634 1046 2718 ornithonis,
1064 2655 1165 2699 unum

149 2721 373 2786 delectationis
407 2744 517 2801 causa,
554 2728 591 2787 ut
622 2722 727 2788 Varro
765 2723 817 2788 hic
849 2723 927 2788 fecit
957 2727 1070 2787 noster
1103 2723 1163 2788 sub

239 2911 329 2966 laxii
402 2911 480 2996 aid]
499 2914 535 2968 ad
607 2914 782 2968 uthabeant
851 2914 947 2982 cquis
965 2914 1072 2968 habeat
1090 2913 1164 2982 (quis

147 2983 234 3037 habet
255 2982 294 3052 V)
349 2983 494 3038 9mithon
550 2988 582 3038 11
602 2983 762 3040 immidium
817 2983 978 3040 dinertisset
1034 2989 1067 3040 15
1085 2984 1164 3054 lepo-

148 3053 236 3106 rarias
260 3069 293 3107 ac
316 3053 447 3137 piscinas
469 3054 620 3136 (leporaria
643 3073 676 3110 ac
700 3056 823 3138 piscinas
846 3056 884 3125 V)
956 3061 992 3110 20
1013 3053 1108 3124 inquit
1131 3056 1165 3110 ut

148 3124 228 3179 aiunt
245 3126 310 3193 post
327 3125 468 3195 principia
486 3126 517 3179 in
536 3125 635 3180 castris
678 3132 710 3180 21
731 3127 805 3182 ab
785 3145 820 3180 ns
858 3131 891 3180 25
911 3126 1030 3181 lircilina
1066 3132 1100 3180 27
1121 3141 1164 3180 or·

146 3195 276 3249 nithcnes
297 3196 463 3266 (ornithonis
487 3197 527 3266 V)

147 3315 360 3323 ——a-Q-——n--ss

235 3389 300 3444 aid
322 3406 371 3458 sep
373 3392 468 3444 tuma
542 3390 701 3446 thabebat
726 3391 864 3447 Victorias
935 3397 951 3446 9
974 3390 1085 3447 mintho
1112 3391 1150 3447 00

145 3460 255 3514 lamella
278 3461 364 3514 VlII
381 3466 426 3528 16,
445 3463 497 3515 4
535 3467 568 3514 11
593 3460 766 3515 Ummidium
789 3463 913 3532 Scaliper
992 3462 1164 3518 deuertisset

145 3532 202 3586 cod.
222 3531 289 3586 Par.
362 3538 396 3586 20
415 3549 432 3586 a
450 3530 661 3612 postprincipiis
680 3532 802 3603 Scaliger
874 3539 907 3588 21
928 3533 964 3588 ab
982 3532 1061 3588 hiso
