2430 3952
296 219 426 274 RERVM
444 218 682 274 RVSTIOARVM
700 220 767 276 LIB.
783 222 852 276 1112
1021 223 1085 287 125

68 386 168 449 quam
197 367 273 428 tuus
304 385 382 430 avos
411 386 449 428 ao
476 385 615 447 proavos
637 365 804 430 habebat?
841 388 901 431 neo
925 368 1019 450 enim,
1049 373 1086 433 ut

67 454 141 537 illa,
168 452 337 517 faenisicia
359 451 443 517 vidit
466 453 555 516 arida
579 453 612 516 in
635 454 783 519 tabulato
807 475 866 519 nec
889 455 1085 520 vindemiam

67 542 104 606 in
128 541 336 626 cellaneque
360 542 394 605 in
417 542 570 624 granario
594 542 737 607 messim.
781 565 857 607 nam
885 545 970 628 quod
994 548 1086 609 extra

68 630 186 695 urbem
218 633 269 695 est
301 629 498 714 aedificium,
536 631 641 693 nihilo
674 630 779 715 magis
811 632 883 696 ideo
918 637 968 696 est
998 633 1087 716 villa,

30 742 56 783 'c
70 740 169 802 quam
193 740 305 783 eorum
329 718 484 802 aedificia,
507 719 563 802 qui
586 718 738 783 habitant
757 723 847 785 extra
865 725 996 804 portam
1013 721 1086 786 Flu-

69 810 261 872 mentanam
284 811 342 871 aut
364 807 400 871 in
423 806 626 870 Aemilianis,
1130 822 1132 827 ·

161 893 286 980 Appius
316 895 499 978 subridens,
534 895 693 970 Quoniam
723 917 784 981 ego
812 898 940 982 ignoro,
973 899 1088 984 inquit,
1122 908 1140 965 7

71 982 149 1068 quid
173 986 216 1048 sit
238 984 324 1069 villa,
347 985 445 1048 velim
469 1005 519 1047 me
544 984 669 1068 doceas,
691 1007 732 1049 ne
755 986 847 1050 labar
870 988 1088 1071 inprudentia,

71 1069 159 1156 quod
181 1072 256 1137 volo
281 1093 425 1136 emersa
448 1071 491 1137 M.
515 1070 588 1136 Seio
612 1073 646 1137 in
670 1072 814 1138 Ostiensi
836 1074 959 1140 villam.
1001 1076 1088 1158 quod

31 1183 58 1223 ro
72 1161 100 1225 si
134 1181 172 1225 ea
205 1160 349 1226 aedificia
380 1161 479 1225 villae
506 1182 572 1225 non
600 1165 685 1246 sunt,
719 1184 801 1246 quae
830 1164 956 1228 asinum
987 1173 1088 1247 tuum,

72 1269 169 1334 quem
197 1249 278 1312 mihi
308 1249 525 1334 quadraginta
553 1250 685 1314 milibus
717 1256 860 1334 emptum
893 1253 1087 1318 ostendebas

71 1342 152 1421 aput
169 1341 212 1420 te,
235 1358 300 1401 non
319 1337 450 1422 habent,
472 1340 582 1402 metuo
604 1359 644 1401 ne
663 1361 722 1422 pro
741 1340 820 1403 villa
840 1363 945 1405 emam
966 1340 1087 1422 [Ostia]

70 1424 227 1490 inlitora
251 1424 385 1490 Seianas
410 1427 514 1491 aedes.
560 1427 645 1509 quod
669 1427 849 1491 aedificium
873 1429 926 1493 hic
949 1452 1001 1493 me
1025 1429 1088 1495 Lu·
1122 1437 1141 1495 8

71 1514 142 1579 cius
166 1514 293 1578 Merula
319 1514 442 1597 inpulit
469 1519 506 1578 ut
529 1536 680 1599 cuperem
703 1515 839 1599 habere,
872 1539 944 1581 cum
969 1519 1089 1583 diceret

30 1603 197 1667 ronullam
235 1623 269 1666 sc
306 1604 469 1686 accepisse
505 1603 634 1680 villam,
672 1626 735 1686 qua
771 1605 876 1687 magis
910 1605 1088 1671 delectatus

71 1694 167 1772 esset,
191 1712 263 1755 cum
288 1692 374 1774 apud
397 1712 471 1755 eum
494 1691 561 1755 dies
586 1692 712 1774 aliquot
734 1691 865 1775 fuisset3
898 1715 956 1758 nec
978 1697 1089 1758 tamen

71 1779 120 1844 ihi
145 1801 179 1843 se
202 1780 324 1844 vidisse
346 1780 494 1844 tabulam
517 1781 638 1863 pictam
656 1802 760 1863 neque
780 1782 909 1866 signum
930 1782 1089 1846 aheneum

72 1867 142 1933 aut'
154 1889 372 1932 marmoreum
396 1869 507 1951 ullum,
530 1868 634 1932 nihilo
654 1870 759 1952 magis
778 1871 905 1935 torsula
922 1893 1001 1935 vasa
1019 1871 1089 1935 vin-

71 1956 264 2042 demiatoria
297 1960 354 2021 aut
387 1958 487 2021 serias
520 1958 658 2022 olearias
691 1962 747 2023 aut
778 1962 933 2041 trapetas.
987 1960 1088 2024 Axius
1123 1967 1141 2025 9

31 2067 58 2108 so
72 2045 193 2128 aspicit
212 2044 370 2109 Merulam
391 2049 437 2128 et,
461 2045 546 2121 Quid
564 2046 679 2129 igitur,
711 2047 827 2131 inquit,
851 2051 901 2112 est
919 2048 982 2112 ista
1000 2049 1088 2132 villa,

72 2134 102 2199 si
121 2154 180 2198 nec
194 2135 318 2198 urbana
338 2133 439 2198 habet
452 2138 643 2198 ornamenta
656 2156 760 2219 neque
779 2136 902 2201 rustica
921 2137 1087 2202 membra?

71 2221 159 2298 Quoi
180 2222 246 2305 ille,
269 2220 356 2286 Num
379 2225 486 2286 minus
515 2222 593 2287 villa
616 2227 673 2287 tua
696 2225 759 2287 erit
782 2225 822 2288 ad
846 2227 1001 2309 angulum
1025 2226 1088 2290 Ve-

70 2310 142 2393 lini,
173 2331 269 2394 quam
297 2332 401 2395 neque
429 2312 535 2393 pictor
562 2331 665 2393 neque
693 2314 797 2375 tector
820 2313 902 2376 vidit
925 2335 1089 2397 umquam,

72 2421 171 2483 quam
190 2400 225 2462 in
238 2397 339 2464 Rosia
358 2421 439 2482 quae
459 2403 509 2462 est
525 2399 631 2482 polita
650 2420 745 2482 opere
760 2401 897 2465 tectorio
913 2401 1088 2484 eleganter,

29 2509 170 2572 acquam
204 2488 354 2552 dominus
386 2487 488 2552 habes
521 2508 723 2551 communem
752 2510 824 2552 cum
854 2489 969 2552 asino?
1008 2487 1088 2553 Cum
1101 2496 1143 2554 10

70 2577 291 2661 significasset
317 2580 400 2641 nutu
428 2575 529 2640 nihilo
553 2576 659 2640 minus
684 2597 753 2640 esse
776 2577 888 2641 villam
913 2599 984 2647 eam
1008 2599 1089 2660 quae

71 2669 161 2730 esset
183 2664 319 2748 simplex
341 2665 472 2748 rustica,
496 2687 593 2747 quam
612 2687 683 2728 eam
703 2687 785 2749 quae
805 2669 1090 2750 essetutrumque,

166 2845 179 2892 1
199 2855 320 2907 proauos
344 2837 468 2893 habebat
490 2841 622 2909 (proauos
645 2839 750 2894 habeat
768 2840 894 2908 plurima
918 2841 1090 2911 opopropho)

74 2916 89 2963 1
110 2925 163 2963 nec
181 2908 268 2980 enim]
288 2909 359 2964 haec
378 2910 452 2964 enim
503 2910 617 2963 8labar
635 2910 665 2962 in
679 2909 898 2978 imprudentiam
943 2917 976 2965 13
996 2912 1092 2966 seiano

73 2980 155 3034 sedes
227 2980 273 3033 hic
301 2979 377 3049 (hino
406 2981 477 3034 Vet
499 2981 557 3035 cod.
576 2980 671 3048 Fleu,
700 2980 746 3034 hic
769 2982 879 3051 reliqui)
953 2988 985 3036 19
1010 2999 1090 3036 senas

73 3051 173 3121 (serias
197 3051 235 3118 V)
256 3050 374 3106 olearias
393 3068 427 3106 ac
444 3053 570 3120 trapetas
644 3057 676 3104 19
696 3050 774 3105 axius
801 3053 910 3121 (auxius
929 3055 1090 3122 apoprupha

71 3123 238 3190 recentiora)
278 3127 312 3177 20
330 3121 430 3192 igitur]
450 3139 502 3192 gas
547 3126 581 3176 22
601 3138 656 3188 quo
675 3120 725 3177 ille
743 3125 883 3178 nummius
898 3123 969 3178 uilla
982 3126 1032 3177 tua
1051 3125 1091 3177 eit

72 3198 109 3248 27
127 3192 262 3247 rusticam
281 3209 365 3261 quam
385 3209 448 3247 eam
466 3193 496 3247 in
515 3208 569 3261 quo
589 3195 663 3247 esset

166 3357 179 3405 1
199 3369 252 3407 nec
271 3352 345 3406 enim
364 3353 433 3406 haec
451 3352 597 3407 Iracundus
669 3359 685 3406 8
711 3351 792 3407 labar
813 3351 1002 3422 imprudentia
1027 3351 1090 3407 Vie-

72 3423 164 3480 torius
224 3429 256 3477 19
276 3424 326 3476 aut
343 3424 469 3493 trapetas
488 3425 545 3479 cod.
564 3424 631 3478 Por.
697 3429 732 3477 20
751 3424 819 3490 quid
836 3423 924 3492 igitur
943 3423 1091 3477 Iucuudus

73 3500 109 3549 22
130 3493 174 3548 oui
191 3495 241 3549 illo
259 3512 315 3550 non
332 3495 426 3548 minus
444 3493 515 3548 uilla
531 3498 581 3549 tua
600 3494 653 3547 erit
671 3510 687 3549 u
728 3513 795 3548 num
813 3494 905 3548 minus
925 3494 1091 3564 Mudeipius

73 3566 179 3620 advers.
199 3566 240 3619 ΙΙ
253 3569 353 3635 p.180
425 3564 628 3620 acrosticum
