<?xml version="1.0" encoding="UTF-8"?>
<!DOCTYPE html PUBLIC "-//W3C//DTD XHTML 1.0 Transitional//EN"
    "http://www.w3.org/TR/xhtml1/DTD/xhtml1-transitional.dtd">
<html xmlns="http://www.w3.org/1999/xhtml" xml:lang="en" lang="en">
 <head>
  <title>
</title>
<meta http-equiv="Content-Type" content="text/html;charset=utf-8" />
  <meta name='ocr-system' content='tesseract 3.04.00' />
  <meta name='ocr-capabilities' content='ocr_page ocr_carea ocr_par ocr_line ocrx_word'/>
</head>
<body>
  <div class='ocr_page' id='page_1' title='image "./mterentivarroni01keilgoog/mterentivarroni01keilgoog_0028.png"; bbox 0 0 2430 3952; ppageno 0'>
   <div class='ocr_carea' id='block_1_1' title="bbox 279 188 1068 303">
    <p class='ocr_par' dir='ltr' id='par_1_1' title="bbox 279 188 1068 303">
     <span class='ocr_line' id='line_1_1' title="bbox 279 188 1068 303; baseline -0.003 -49"><span class='ocrx_word' id='word_1_1' title='bbox 279 227 282 233; x_wconf 41' lang='lat'>¹</span> <span class='ocrx_word' id='word_1_2' title='bbox 312 199 441 255; x_wconf 81' lang='lat' dir='ltr'><strong>RERVM</strong></span> <span class='ocrx_word' id='word_1_3' title='bbox 459 188 696 255; x_wconf 78' lang='lat' dir='ltr'>RVS&#39;IICARVM</span> <span class='ocrx_word' id='word_1_4' title='bbox 714 198 782 254; x_wconf 88' lang='lat' dir='ltr'>LIB.</span> <span class='ocrx_word' id='word_1_5' title='bbox 801 199 815 252; x_wconf 94' lang='lat' dir='ltr'>I</span> <span class='ocrx_word' id='word_1_6' title='bbox 1035 200 1068 303; x_wconf 37' lang='lat'>‘5</span> 
     </span>
    </p>
   </div>
   <div class='ocr_carea' id='block_1_2' title="bbox 10 344 1147 3347">
    <p class='ocr_par' dir='ltr' id='par_1_2' title="bbox 35 344 1146 1031">
     <span class='ocr_line' id='line_1_2' title="bbox 35 344 1070 429; baseline 0.002 -20"><span class='ocrx_word' id='word_1_7' title='bbox 35 362 38 366; x_wconf 75' lang='grc'><strong>’</strong></span> <span class='ocrx_word' id='word_1_8' title='bbox 126 349 214 426; x_wconf 36' lang='lat' dir='ltr'>,tere</span> <span class='ocrx_word' id='word_1_9' title='bbox 238 367 341 429; x_wconf 90' lang='lat' dir='ltr'>usque</span> <span class='ocrx_word' id='word_1_10' title='bbox 365 344 405 409; x_wconf 89' lang='lat' dir='ltr'>ad</span> <span class='ocrx_word' id='word_1_11' title='bbox 428 345 585 412; x_wconf 89' lang='lat' dir='ltr'>brumam.</span> <span class='ocrx_word' id='word_1_12' title='bbox 607 344 705 409; x_wconf 90' lang='lat' dir='ltr'>medii</span> <span class='ocrx_word' id='word_1_13' title='bbox 724 348 800 410; x_wconf 90' lang='lat' dir='ltr'>sunt</span> <span class='ocrx_word' id='word_1_14' title='bbox 819 345 887 409; x_wconf 89' lang='lat' dir='ltr'>dies</span> <span class='ocrx_word' id='word_1_15' title='bbox 905 344 988 411; x_wconf 81' lang='lat' dir='ltr'>XCI.</span> <span class='ocrx_word' id='word_1_16' title='bbox 1010 367 1070 411; x_wconf 88' lang='lat' dir='ltr'>neo</span> 
     </span>
     <span class='ocr_line' id='line_1_3' title="bbox 148 433 1069 518; baseline -0.001 -19"><span class='ocrx_word' id='word_1_17' title='bbox 148 438 223 499; x_wconf 88' lang='lat' dir='ltr'>ante</span> <span class='ocrx_word' id='word_1_18' title='bbox 247 433 485 517; x_wconf 80' lang='lat' dir='ltr'>aequinoctium</span> <span class='ocrx_word' id='word_1_19' title='bbox 506 455 610 517; x_wconf 90' lang='lat' dir='ltr'>neque</span> <span class='ocrx_word' id='word_1_20' title='bbox 628 436 705 518; x_wconf 87' lang='lat' dir='ltr'>post</span> <span class='ocrx_word' id='word_1_21' title='bbox 723 433 872 498; x_wconf 90' lang='lat' dir='ltr'>brumam</span> <span class='ocrx_word' id='word_1_22' title='bbox 892 434 956 498; x_wconf 86' lang='lat' dir='ltr'>seri</span> <span class='ocrx_word' id='word_1_23' title='bbox 975 456 1069 518; x_wconf 92' lang='lat' dir='ltr'>opor-</span> 
     </span>
     <span class='ocr_line' id='line_1_4' title="bbox 146 522 1070 607; baseline -0.001 -20"><span class='ocrx_word' id='word_1_24' title='bbox 146 526 224 588; x_wconf 90' lang='lat' dir='ltr'>tere.</span> <span class='ocrx_word' id='word_1_25' title='bbox 270 522 382 587; x_wconf 91' lang='lat' dir='ltr'>fabam</span> <span class='ocrx_word' id='word_1_26' title='bbox 410 523 532 606; x_wconf 88' lang='lat' dir='ltr'>optime</span> <span class='ocrx_word' id='word_1_27' title='bbox 560 522 623 587; x_wconf 86' lang='lat' dir='ltr'>seri</span> <span class='ocrx_word' id='word_1_28' title='bbox 650 523 685 586; x_wconf 91' lang='lat' dir='ltr'>in</span> <span class='ocrx_word' id='word_1_29' title='bbox 714 523 924 607; x_wconf 83' lang='lat' dir='ltr'>vergiliarum</span> <span class='ocrx_word' id='word_1_30' title='bbox 953 544 1070 588; x_wconf 89' lang='lat' dir='ltr'>occasu</span> 
     </span>
     <span class='ocr_line' id='line_1_5' title="bbox 147 610 1069 696; baseline -0.001 -20"><span class='ocrx_word' id='word_1_31' title='bbox 147 610 206 676; x_wconf 90' lang='lat' dir='ltr'>VI·</span> <span class='ocrx_word' id='word_1_32' title='bbox 227 612 301 676; x_wconf 88' lang='lat' dir='ltr'>idus</span> <span class='ocrx_word' id='word_1_33' title='bbox 333 610 544 676; x_wconf 81' lang='lat' dir='ltr'>Novembres,</span> <span class='ocrx_word' id='word_1_34' title='bbox 589 610 784 675; x_wconf 83' lang='lat' dir='ltr'>vindemiam</span> <span class='ocrx_word' id='word_1_35' title='bbox 816 612 887 676; x_wconf 89' lang='lat' dir='ltr'>fieri</span> <span class='ocrx_word' id='word_1_36' title='bbox 919 615 1069 696; x_wconf 78' lang='lat' dir='ltr'>oportere</span> 
     </span>
     <span class='ocr_line' id='line_1_6' title="bbox 148 698 1069 783; baseline -0.001 -18"><span class='ocrx_word' id='word_1_37' title='bbox 148 701 232 765; x_wconf 90' lang='lat' dir='ltr'>inter</span> <span class='ocrx_word' id='word_1_38' title='bbox 265 700 504 783; x_wconf 75' lang='lat' dir='ltr'>aequinoctium</span> <span class='ocrx_word' id='word_1_39' title='bbox 537 700 724 764; x_wconf 88' lang='lat' dir='ltr'>autumnale</span> <span class='ocrx_word' id='word_1_40' title='bbox 757 700 788 765; x_wconf 94' lang='lat' dir='ltr'>V</span> <span class='ocrx_word' id='word_1_41' title='bbox 820 701 883 764; x_wconf 87' lang='lat' dir='ltr'>kal.</span> <span class='ocrx_word' id='word_1_42' title='bbox 911 698 1069 765; x_wconf 84' lang='lat' dir='ltr'>Octobres</span> 
     </span>
     <span class='ocr_line' id='line_1_7' title="bbox 148 787 1146 875; baseline 0 -23"><span class='ocrx_word' id='word_1_43' title='bbox 148 793 181 852; x_wconf 84' lang='lat' dir='ltr'>et</span> <span class='ocrx_word' id='word_1_44' title='bbox 193 789 401 875; x_wconf 83' lang='lat' dir='ltr'>vergiliarum</span> <span class='ocrx_word' id='word_1_45' title='bbox 418 810 566 854; x_wconf 87' lang='lat' dir='ltr'>oceasum</span> <span class='ocrx_word' id='word_1_46' title='bbox 576 787 624 852; x_wconf 94' lang='lat' dir='ltr'>VI</span> <span class='ocrx_word' id='word_1_47' title='bbox 637 788 709 852; x_wconf 87' lang='lat' dir='ltr'>idus</span> <span class='ocrx_word' id='word_1_48' title='bbox 724 787 934 852; x_wconf 90' lang='lat' dir='ltr'>Novembres.</span> <span class='ocrx_word' id='word_1_49' title='bbox 954 788 1069 853; x_wconf 90' lang='lat' dir='ltr'>deinde</span> <span class='ocrx_word' id='word_1_50' title='bbox 1143 812 1146 817; x_wconf 75' lang='grc'>’</span> 
     </span>
     <span class='ocr_line' id='line_1_8' title="bbox 146 877 1069 962; baseline -0.001 -19"><span class='ocrx_word' id='word_1_51' title='bbox 146 879 230 943; x_wconf 91' lang='lat' dir='ltr'>vites</span> <span class='ocrx_word' id='word_1_52' title='bbox 262 877 372 962; x_wconf 85' lang='lat' dir='ltr'>putari</span> <span class='ocrx_word' id='word_1_53' title='bbox 400 880 433 941; x_wconf 89' lang='lat' dir='ltr'>et</span> <span class='ocrx_word' id='word_1_54' title='bbox 460 877 637 962; x_wconf 87' lang='lat' dir='ltr'>propagari</span> <span class='ocrx_word' id='word_1_55' title='bbox 665 881 698 940; x_wconf 90' lang='lat' dir='ltr'>et</span> <span class='ocrx_word' id='word_1_56' title='bbox 726 877 789 941; x_wconf 89' lang='lat' dir='ltr'>seri</span> <span class='ocrx_word' id='word_1_57' title='bbox 816 899 915 960; x_wconf 89' lang='lat' dir='ltr'>poma</span> <span class='ocrx_word' id='word_1_58' title='bbox 942 877 1069 962; x_wconf 80' lang='lat' dir='ltr'>frigidis</span> 
     </span>
     <span class='ocr_line' id='line_1_9' title="bbox 146 967 324 1031; baseline 0 -2"><span class='ocrx_word' id='word_1_59' title='bbox 146 967 227 1031; x_wconf 88' lang='lat' dir='ltr'>locis</span> <span class='ocrx_word' id='word_1_60' title='bbox 251 988 324 1030; x_wconf 90' lang='lat' dir='ltr'>vere</span> 
     </span>
    </p>

    <p class='ocr_par' dir='ltr' id='par_1_3' title="bbox 10 1052 1147 2022">
     <span class='ocr_line' id='line_1_10' title="bbox 56 1052 1147 1139; baseline -0.003 -20"><span class='ocrx_word' id='word_1_61' title='bbox 56 1053 204 1139; x_wconf 82' lang='lat' dir='ltr'>Septimo</span> <span class='ocrx_word' id='word_1_62' title='bbox 228 1055 399 1119; x_wconf 89' lang='lat' dir='ltr'>intervallo</span> <span class='ocrx_word' id='word_1_63' title='bbox 429 1055 513 1118; x_wconf 90' lang='lat' dir='ltr'>inter</span> <span class='ocrx_word' id='word_1_64' title='bbox 536 1053 745 1138; x_wconf 83' lang='lat' dir='ltr'>vergiliarum</span> <span class='ocrx_word' id='word_1_65' title='bbox 770 1075 919 1118; x_wconf 83' lang='lat' dir='ltr'>occasum</span> <span class='ocrx_word' id='word_1_66' title='bbox 941 1052 1069 1117; x_wconf 80' lang='lat' dir='ltr'>Vidua</span> <span class='ocrx_word' id='word_1_67' title='bbox 1145 1098 1147 1103; x_wconf 52' lang='lat'>&gt;</span> 
     </span>
     <span class='ocr_line' id='line_1_11' title="bbox 10 1141 1069 1226; baseline -0.001 -20"><span class='ocrx_word' id='word_1_68' title='bbox 10 1168 39 1206; x_wconf 90' lang='lat'>10</span> <span class='ocrx_word' id='word_1_69' title='bbox 146 1142 349 1208; x_wconf 88' lang='lat' dir='ltr'>Novembres</span> <span class='ocrx_word' id='word_1_70' title='bbox 374 1147 406 1207; x_wconf 88' lang='lat' dir='ltr'>et</span> <span class='ocrx_word' id='word_1_71' title='bbox 429 1143 578 1207; x_wconf 90' lang='lat' dir='ltr'>brumam</span> <span class='ocrx_word' id='word_1_72' title='bbox 601 1141 682 1207; x_wconf 87' lang='lat' dir='ltr'>VIII</span> <span class='ocrx_word' id='word_1_73' title='bbox 704 1143 767 1206; x_wconf 87' lang='lat' dir='ltr'>kal.</span> <span class='ocrx_word' id='word_1_74' title='bbox 791 1141 958 1207; x_wconf 86' lang='lat' dir='ltr'>Ianuarias</span> <span class='ocrx_word' id='word_1_75' title='bbox 987 1163 1069 1226; x_wconf 89' lang='lat' dir='ltr'>quae</span> 
     </span>
     <span class='ocr_line' id='line_1_12' title="bbox 146 1231 394 1315; baseline 0.004 -20"><span class='ocrx_word' id='word_1_76' title='bbox 146 1231 218 1296; x_wconf 89' lang='lat' dir='ltr'>fieri</span> <span class='ocrx_word' id='word_1_77' title='bbox 244 1236 394 1315; x_wconf 89' lang='lat' dir='ltr'>oporteat</span> 
     </span>
     <span class='ocr_line' id='line_1_13' title="bbox 56 1317 1069 1386; baseline -0.004 0"><span class='ocrx_word' id='word_1_78' title='bbox 56 1320 181 1386; x_wconf 90' lang='lat' dir='ltr'>Octavo</span> <span class='ocrx_word' id='word_1_79' title='bbox 209 1321 381 1384; x_wconf 88' lang='lat' dir='ltr'>intervallo</span> <span class='ocrx_word' id='word_1_80' title='bbox 408 1320 495 1383; x_wconf 87' lang='lat' dir='ltr'>inter</span> <span class='ocrx_word' id='word_1_81' title='bbox 521 1320 670 1383; x_wconf 92' lang='lat' dir='ltr'>brumam</span> <span class='ocrx_word' id='word_1_82' title='bbox 700 1317 781 1382; x_wconf 86' lang='lat' dir='ltr'>VIII</span> <span class='ocrx_word' id='word_1_83' title='bbox 808 1318 873 1384; x_wconf 88' lang='lat' dir='ltr'>kal.</span> <span class='ocrx_word' id='word_1_84' title='bbox 900 1318 1069 1383; x_wconf 87' lang='lat' dir='ltr'>Ianuarias</span> 
     </span>
     <span class='ocr_line' id='line_1_14' title="bbox 35 1407 1102 1492; baseline -0.003 -18"><span class='ocrx_word' id='word_1_85' title='bbox 35 1468 39 1474; x_wconf 88' lang='lat'><em>.</em></span> <span class='ocrx_word' id='word_1_86' title='bbox 148 1413 181 1473; x_wconf 89' lang='lat' dir='ltr'>et</span> <span class='ocrx_word' id='word_1_87' title='bbox 198 1409 365 1472; x_wconf 88' lang='lat' dir='ltr'>favonium</span> <span class='ocrx_word' id='word_1_88' title='bbox 378 1407 410 1473; x_wconf 89' lang='lat' dir='ltr'>V</span> <span class='ocrx_word' id='word_1_89' title='bbox 429 1407 500 1472; x_wconf 86' lang='lat' dir='ltr'>idus</span> <span class='ocrx_word' id='word_1_90' title='bbox 519 1407 712 1472; x_wconf 84' lang='lat' dir='ltr'>Februarias</span> <span class='ocrx_word' id='word_1_91' title='bbox 732 1429 813 1492; x_wconf 87' lang='lat' dir='ltr'>quae</span> <span class='ocrx_word' id='word_1_92' title='bbox 831 1409 902 1472; x_wconf 89' lang='lat' dir='ltr'>fieri</span> <span class='ocrx_word' id='word_1_93' title='bbox 921 1411 1070 1490; x_wconf 89' lang='lat' dir='ltr'>oporteat</span> <span class='ocrx_word' id='word_1_94' title='bbox 1100 1413 1102 1418; x_wconf 84' lang='lat'>&#39;</span> 
     </span>
     <span class='ocr_line' id='line_1_15' title="bbox 56 1497 437 1562; baseline -0.005 0"><span class='ocrx_word' id='word_1_95' title='bbox 56 1497 108 1562; x_wconf 93' lang='lat' dir='ltr'>De</span> <span class='ocrx_word' id='word_1_96' title='bbox 131 1498 298 1562; x_wconf 91' lang='lat' dir='ltr'>lunaribus</span> <span class='ocrx_word' id='word_1_97' title='bbox 324 1497 437 1560; x_wconf 89' lang='lat' dir='ltr'>diebus</span> 
     </span>
     <span class='ocr_line' id='line_1_16' title="bbox 13 1583 1070 1670; baseline -0.002 -22"><span class='ocrx_word' id='word_1_98' title='bbox 13 1609 40 1650; x_wconf 87' lang='lat'>15</span> <span class='ocrx_word' id='word_1_99' title='bbox 57 1585 108 1650; x_wconf 90' lang='lat' dir='ltr'>De</span> <span class='ocrx_word' id='word_1_100' title='bbox 132 1586 236 1650; x_wconf 88' lang='lat' dir='ltr'>altera</span> <span class='ocrx_word' id='word_1_101' title='bbox 265 1588 450 1670; x_wconf 89' lang='lat' dir='ltr'>temporum</span> <span class='ocrx_word' id='word_1_102' title='bbox 476 1584 630 1649; x_wconf 85' lang='lat' dir='ltr'>divisione</span> <span class='ocrx_word' id='word_1_103' title='bbox 654 1583 825 1647; x_wconf 86' lang='lat' dir='ltr'>coniuncta</span> <span class='ocrx_word' id='word_1_104' title='bbox 849 1605 921 1647; x_wconf 91' lang='lat' dir='ltr'>cum</span> <span class='ocrx_word' id='word_1_105' title='bbox 946 1584 1013 1648; x_wconf 85' lang='lat' dir='ltr'>sole</span> <span class='ocrx_word' id='word_1_106' title='bbox 1037 1587 1070 1647; x_wconf 88' lang='lat' dir='ltr'>et</span> 
     </span>
     <span class='ocr_line' id='line_1_17' title="bbox 147 1675 655 1755; baseline -0.004 -17"><span class='ocrx_word' id='word_1_107' title='bbox 147 1675 226 1738; x_wconf 85' lang='lat' dir='ltr'>luna</span> <span class='ocrx_word' id='word_1_108' title='bbox 249 1678 282 1738; x_wconf 90' lang='lat' dir='ltr'>et</span> <span class='ocrx_word' id='word_1_109' title='bbox 303 1675 443 1738; x_wconf 86' lang='lat' dir='ltr'>habente</span> <span class='ocrx_word' id='word_1_110' title='bbox 468 1695 524 1737; x_wconf 87' lang='lat' dir='ltr'>sex</span> <span class='ocrx_word' id='word_1_111' title='bbox 546 1676 655 1755; x_wconf 86' lang='lat' dir='ltr'>partes</span> 
     </span>
     <span class='ocr_line' id='line_1_18' title="bbox 55 1760 1070 1845; baseline -0.005 -18"><span class='ocrx_word' id='word_1_112' title='bbox 55 1763 107 1827; x_wconf 90' lang='lat' dir='ltr'>De</span> <span class='ocrx_word' id='word_1_113' title='bbox 136 1766 286 1827; x_wconf 85' lang='lat' dir='ltr'>stercore.</span> <span class='ocrx_word' id='word_1_114' title='bbox 332 1760 532 1827; x_wconf 88' lang='lat' dir='ltr'>stercilinum</span> <span class='ocrx_word' id='word_1_115' title='bbox 559 1783 622 1845; x_wconf 88' lang='lat' dir='ltr'>quo</span> <span class='ocrx_word' id='word_1_116' title='bbox 650 1761 722 1824; x_wconf 89' lang='lat' dir='ltr'>loco</span> <span class='ocrx_word' id='word_1_117' title='bbox 749 1760 932 1824; x_wconf 89' lang='lat' dir='ltr'>faciendum</span> <span class='ocrx_word' id='word_1_118' title='bbox 956 1761 1007 1842; x_wconf 85' lang='lat' dir='ltr'>sit,</span> <span class='ocrx_word' id='word_1_119' title='bbox 1035 1760 1070 1824; x_wconf 92' lang='lat' dir='ltr'>in</span> 
     </span>
     <span class='ocr_line' id='line_1_19' title="bbox 149 1849 1071 1935; baseline -0.004 -20"><span class='ocrx_word' id='word_1_120' title='bbox 149 1873 211 1935; x_wconf 90' lang='lat' dir='ltr'>quo</span> <span class='ocrx_word' id='word_1_121' title='bbox 239 1850 344 1915; x_wconf 92' lang='lat' dir='ltr'>medio</span> <span class='ocrx_word' id='word_1_122' title='bbox 374 1849 402 1914; x_wconf 91' lang='lat' dir='ltr'>si</span> <span class='ocrx_word' id='word_1_123' title='bbox 429 1851 564 1915; x_wconf 87' lang='lat' dir='ltr'>robusta</span> <span class='ocrx_word' id='word_1_124' title='bbox 592 1850 728 1914; x_wconf 88' lang='lat' dir='ltr'>materia</span> <span class='ocrx_word' id='word_1_125' title='bbox 756 1849 799 1913; x_wconf 89' lang='lat' dir='ltr'>sit</span> <span class='ocrx_word' id='word_1_126' title='bbox 827 1850 977 1934; x_wconf 87' lang='lat' dir='ltr'>depacta,</span> <span class='ocrx_word' id='word_1_127' title='bbox 1004 1870 1071 1913; x_wconf 90' lang='lat' dir='ltr'>non</span> 
     </span>
     <span class='ocr_line' id='line_1_20' title="bbox 147 1939 441 2022; baseline 0.003 -20"><span class='ocrx_word' id='word_1_128' title='bbox 147 1939 239 2004; x_wconf 92' lang='lat' dir='ltr'>nasci</span> <span class='ocrx_word' id='word_1_129' title='bbox 262 1943 441 2022; x_wconf 87' lang='lat' dir='ltr'>serpentem</span> 
     </span>
    </p>

    <p class='ocr_par' dir='ltr' id='par_1_4' title="bbox 20 2026 1070 2200">
     <span class='ocr_line' id='line_1_21' title="bbox 20 2026 1070 2112; baseline 0 -24"><span class='ocrx_word' id='word_1_130' title='bbox 20 2049 43 2088; x_wconf 80' lang='lat' dir='ltr'>ro</span> <span class='ocrx_word' id='word_1_131' title='bbox 58 2026 221 2103; x_wconf 82' lang='lat' dir='ltr'>Quattuor</span> <span class='ocrx_word' id='word_1_132' title='bbox 245 2047 314 2092; x_wconf 90' lang='lat' dir='ltr'>esse</span> <span class='ocrx_word' id='word_1_133' title='bbox 339 2049 457 2112; x_wconf 91' lang='lat' dir='ltr'>genera</span> <span class='ocrx_word' id='word_1_134' title='bbox 481 2026 652 2109; x_wconf 89' lang='lat' dir='ltr'>seminum,</span> <span class='ocrx_word' id='word_1_135' title='bbox 681 2029 714 2089; x_wconf 88' lang='lat' dir='ltr'>et</span> <span class='ocrx_word' id='word_1_136' title='bbox 737 2047 817 2108; x_wconf 85' lang='lat' dir='ltr'>quae</span> <span class='ocrx_word' id='word_1_137' title='bbox 842 2046 963 2110; x_wconf 75' lang='lat' dir='ltr'>quoque</span> <span class='ocrx_word' id='word_1_138' title='bbox 988 2027 1070 2088; x_wconf 89' lang='lat' dir='ltr'>tem·</span> 
     </span>
     <span class='ocr_line' id='line_1_22' title="bbox 148 2116 633 2200; baseline -0.004 -20"><span class='ocrx_word' id='word_1_139' title='bbox 148 2138 226 2200; x_wconf 90' lang='lat' dir='ltr'>pore</span> <span class='ocrx_word' id='word_1_140' title='bbox 250 2118 384 2198; x_wconf 90' lang='lat' dir='ltr'>locoque</span> <span class='ocrx_word' id='word_1_141' title='bbox 408 2116 633 2185; x_wconf 47' lang='lat' dir='ltr'>debeant‘seri</span> 
     </span>
    </p>

    <p class='ocr_par' dir='ltr' id='par_1_5' title="bbox 57 2202 1071 2445">
     <span class='ocr_line' id='line_1_23' title="bbox 57 2202 1071 2289; baseline -0.003 -21"><span class='ocrx_word' id='word_1_142' title='bbox 57 2202 148 2279; x_wconf 82' lang='lat' dir='ltr'>Quae</span> <span class='ocrx_word' id='word_1_143' title='bbox 172 2204 238 2267; x_wconf 90' lang='lat' dir='ltr'>sint</span> <span class='ocrx_word' id='word_1_144' title='bbox 262 2225 380 2289; x_wconf 89' lang='lat' dir='ltr'>genera</span> <span class='ocrx_word' id='word_1_145' title='bbox 404 2205 577 2286; x_wconf 86' lang='lat' dir='ltr'>seminum,</span> <span class='ocrx_word' id='word_1_146' title='bbox 605 2207 638 2267; x_wconf 91' lang='lat' dir='ltr'>et</span> <span class='ocrx_word' id='word_1_147' title='bbox 660 2225 753 2286; x_wconf 91' lang='lat' dir='ltr'>quem</span> <span class='ocrx_word' id='word_1_148' title='bbox 779 2203 818 2266; x_wconf 88' lang='lat' dir='ltr'>ad</span> <span class='ocrx_word' id='word_1_149' title='bbox 842 2202 973 2267; x_wconf 93' lang='lat' dir='ltr'>modum</span> <span class='ocrx_word' id='word_1_150' title='bbox 996 2223 1071 2285; x_wconf 92' lang='lat' dir='ltr'>pro·</span> 
     </span>
     <span class='ocr_line' id='line_1_24' title="bbox 148 2292 1070 2445; baseline -0.002 -90"><span class='ocrx_word' id='word_1_151' title='bbox 148 2293 264 2444; x_wconf 84' lang='lat' dir='ltr'>pagari</span> <span class='ocrx_word' id='word_1_152' title='bbox 301 2293 452 2444; x_wconf 54' lang='lat' dir='ltr'>debpant,</span> <span class='ocrx_word' id='word_1_153' title='bbox 470 2295 522 2445; x_wconf 78' lang='lat' dir='ltr'>tet</span> <span class='ocrx_word' id='word_1_154' title='bbox 558 2293 673 2376; x_wconf 88' lang='lat' dir='ltr'>quibus</span> <span class='ocrx_word' id='word_1_155' title='bbox 708 2292 910 2375; x_wconf 88' lang='lat' dir='ltr'>temporibus</span> <span class='ocrx_word' id='word_1_156' title='bbox 943 2311 1070 2374; x_wconf 90' lang='lat' dir='ltr'>quoque</span> 
     </span>
     <span class='ocr_line' id='line_1_25' title="bbox 163 2402 471 2445; baseline 0 0"><span class='ocrx_word' id='word_1_157' title='bbox 163 2402 221 2445; x_wconf 89' lang='lat' dir='ltr'>oco</span> <span class='ocrx_word' id='word_1_158' title='bbox 269 2403 353 2445; x_wconf 90' lang='lat' dir='ltr'>onen</span> <span class='ocrx_word' id='word_1_159' title='bbox 377 2404 395 2445; x_wconf 87' lang='lat' dir='ltr'>a</span> <span class='ocrx_word' id='word_1_160' title='bbox 419 2404 471 2445; x_wconf 90' lang='lat' dir='ltr'>sm</span> 
     </span>
    </p>

    <p class='ocr_par' dir='ltr' id='par_1_6' title="bbox 21 2403 1070 2641">
     <span class='ocr_line' id='line_1_26' title="bbox 21 2403 1070 2553; baseline 0 -24"><span class='ocrx_word' id='word_1_161' title='bbox 21 2489 46 2530; x_wconf 78' lang='lat'>25</span> <span class='ocrx_word' id='word_1_162' title='bbox 59 2468 110 2533; x_wconf 92' lang='lat' dir='ltr'>De</span> <span class='ocrx_word' id='word_1_163' title='bbox 133 2403 337 2553; x_wconf 62' lang='lat' dir='ltr'>tempoiibus</span> <span class='ocrx_word' id='word_1_164' title='bbox 365 2468 660 2534; x_wconf 84' lang='lat' dir='ltr'>transferendorum</span> <span class='ocrx_word' id='word_1_165' title='bbox 689 2467 905 2552; x_wconf 82' lang='lat' dir='ltr'>surculorum,</span> <span class='ocrx_word' id='word_1_166' title='bbox 933 2469 1070 2550; x_wconf 83' lang='lat' dir='ltr'>atquae</span> 
     </span>
     <span class='ocr_line' id='line_1_27' title="bbox 149 2557 723 2641; baseline 0 -20"><span class='ocrx_word' id='word_1_167' title='bbox 149 2557 217 2621; x_wconf 86' lang='lat' dir='ltr'>sint</span> <span class='ocrx_word' id='word_1_168' title='bbox 238 2561 315 2641; x_wconf 90' lang='lat' dir='ltr'>post</span> <span class='ocrx_word' id='word_1_169' title='bbox 338 2559 497 2623; x_wconf 90' lang='lat' dir='ltr'>sationem</span> <span class='ocrx_word' id='word_1_170' title='bbox 521 2557 723 2622; x_wconf 87' lang='lat' dir='ltr'>observanda</span> 
     </span>
    </p>

    <p class='ocr_par' dir='ltr' id='par_1_7' title="bbox 57 2644 248 2710">
     <span class='ocr_line' id='line_1_28' title="bbox 57 2644 248 2710; baseline 0.01 -2"><span class='ocrx_word' id='word_1_171' title='bbox 57 2644 108 2708; x_wconf 92' lang='lat' dir='ltr'>De</span> <span class='ocrx_word' id='word_1_172' title='bbox 132 2645 248 2710; x_wconf 89' lang='lat' dir='ltr'>melica</span> 
     </span>
    </p>

    <p class='ocr_par' dir='ltr' id='par_1_8' title="bbox 57 2733 238 2817">
     <span class='ocr_line' id='line_1_29' title="bbox 57 2733 238 2817; baseline 0.006 -21"><span class='ocrx_word' id='word_1_173' title='bbox 57 2733 108 2797; x_wconf 92' lang='lat' dir='ltr'>De</span> <span class='ocrx_word' id='word_1_174' title='bbox 132 2735 238 2817; x_wconf 86' lang='lat' dir='ltr'>cytiso</span> 
     </span>
    </p>

    <p class='ocr_par' dir='ltr' id='par_1_9' title="bbox 17 2817 1089 2975">
     <span class='ocr_line' id='line_1_30' title="bbox 59 2817 1089 2906; baseline -0.003 -20"><span class='ocrx_word' id='word_1_175' title='bbox 59 2820 201 2898; x_wconf 90' lang='lat' dir='ltr'>Quoteni</span> <span class='ocrx_word' id='word_1_176' title='bbox 220 2823 320 2888; x_wconf 91' lang='lat' dir='ltr'>modii</span> <span class='ocrx_word' id='word_1_177' title='bbox 340 2825 490 2887; x_wconf 90' lang='lat' dir='ltr'>serantur</span> <span class='ocrx_word' id='word_1_178' title='bbox 507 2823 541 2886; x_wconf 92' lang='lat' dir='ltr'>in</span> <span class='ocrx_word' id='word_1_179' title='bbox 561 2822 672 2906; x_wconf 89' lang='lat' dir='ltr'>iugero</span> <span class='ocrx_word' id='word_1_180' title='bbox 692 2821 797 2904; x_wconf 85' lang='lat' dir='ltr'>fabae,</span> <span class='ocrx_word' id='word_1_181' title='bbox 816 2821 929 2906; x_wconf 84' lang='lat' dir='ltr'>tritici,</span> <span class='ocrx_word' id='word_1_182' title='bbox 949 2817 1089 2903; x_wconf 46' lang='lat' dir='ltr'>hordeis</span> 
     </span>
     <span class='ocr_line' id='line_1_31' title="bbox 17 2911 244 2975; baseline 0.004 -1"><span class='ocrx_word' id='word_1_183' title='bbox 17 2927 44 2966; x_wconf 75' lang='lat'>⁸0</span> <span class='ocrx_word' id='word_1_184' title='bbox 146 2911 244 2975; x_wconf 86' lang='lat' dir='ltr'>farris</span> 
     </span>
    </p>

    <p class='ocr_par' dir='ltr' id='par_1_10' title="bbox 57 2996 858 3084">
     <span class='ocr_line' id='line_1_32' title="bbox 57 2996 858 3084; baseline -0.002 -22"><span class='ocrx_word' id='word_1_185' title='bbox 57 2996 136 3063; x_wconf 84' lang='lat' dir='ltr'>Sata</span> <span class='ocrx_word' id='word_1_186' title='bbox 161 3001 261 3083; x_wconf 89' lang='lat' dir='ltr'>quota</span> <span class='ocrx_word' id='word_1_187' title='bbox 284 3021 429 3084; x_wconf 87' lang='lat' dir='ltr'>quaeque</span> <span class='ocrx_word' id='word_1_188' title='bbox 453 2998 503 3063; x_wconf 89' lang='lat' dir='ltr'>die</span> <span class='ocrx_word' id='word_1_189' title='bbox 525 2998 685 3081; x_wconf 88' lang='lat' dir='ltr'>prodeant</span> <span class='ocrx_word' id='word_1_190' title='bbox 708 2997 747 3060; x_wconf 92' lang='lat' dir='ltr'>de</span> <span class='ocrx_word' id='word_1_191' title='bbox 770 3000 858 3061; x_wconf 91' lang='lat' dir='ltr'>terra</span> 
     </span>
    </p>

    <p class='ocr_par' dir='ltr' id='par_1_11' title="bbox 55 3085 958 3173">
     <span class='ocr_line' id='line_1_33' title="bbox 55 3085 958 3173; baseline -0.001 -23"><span class='ocrx_word' id='word_1_192' title='bbox 55 3085 109 3151; x_wconf 82' lang='lat' dir='ltr'>Ex</span> <span class='ocrx_word' id='word_1_193' title='bbox 132 3087 250 3171; x_wconf 88' lang='lat' dir='ltr'>quibus</span> <span class='ocrx_word' id='word_1_194' title='bbox 273 3087 360 3152; x_wconf 84' lang='lat' dir='ltr'>foliis</span> <span class='ocrx_word' id='word_1_195' title='bbox 384 3088 537 3173; x_wconf 81' lang='lat' dir='ltr'>cognosci</span> <span class='ocrx_word' id='word_1_196' title='bbox 560 3087 688 3171; x_wconf 89' lang='lat' dir='ltr'>possint</span> <span class='ocrx_word' id='word_1_197' title='bbox 711 3086 786 3150; x_wconf 89' lang='lat' dir='ltr'>anni</span> <span class='ocrx_word' id='word_1_198' title='bbox 808 3089 958 3169; x_wconf 90' lang='lat' dir='ltr'>tempora</span> 
     </span>
    </p>

    <p class='ocr_par' dir='ltr' id='par_1_12' title="bbox 57 3172 711 3249">
     <span class='ocr_line' id='line_1_34' title="bbox 57 3172 711 3249; baseline -0.006 -8"><span class='ocrx_word' id='word_1_199' title='bbox 57 3172 161 3249; x_wconf 84' lang='lat' dir='ltr'>Quem</span> <span class='ocrx_word' id='word_1_200' title='bbox 186 3176 226 3240; x_wconf 89' lang='lat' dir='ltr'>ad</span> <span class='ocrx_word' id='word_1_201' title='bbox 250 3177 382 3241; x_wconf 93' lang='lat' dir='ltr'>modum</span> <span class='ocrx_word' id='word_1_202' title='bbox 406 3180 479 3240; x_wconf 86' lang='lat' dir='ltr'>sata</span> <span class='ocrx_word' id='word_1_203' title='bbox 502 3176 569 3239; x_wconf 85' lang='lat' dir='ltr'>sint</span> <span class='ocrx_word' id='word_1_204' title='bbox 591 3174 711 3238; x_wconf 89' lang='lat' dir='ltr'>tuenda</span> 
     </span>
    </p>

    <p class='ocr_par' dir='ltr' id='par_1_13' title="bbox 57 3264 920 3347">
     <span class='ocr_line' id='line_1_35' title="bbox 57 3264 920 3347; baseline -0.003 -19"><span class='ocrx_word' id='word_1_205' title='bbox 57 3265 148 3341; x_wconf 84' lang='lat' dir='ltr'>Quae</span> <span class='ocrx_word' id='word_1_206' title='bbox 171 3265 207 3328; x_wconf 93' lang='lat' dir='ltr'>in</span> <span class='ocrx_word' id='word_1_207' title='bbox 230 3265 319 3347; x_wconf 89' lang='lat' dir='ltr'>spica</span> <span class='ocrx_word' id='word_1_208' title='bbox 343 3265 410 3328; x_wconf 84' lang='lat' dir='ltr'>sint</span> <span class='ocrx_word' id='word_1_209' title='bbox 433 3264 590 3329; x_wconf 89' lang='lat' dir='ltr'>vocabula</span> <span class='ocrx_word' id='word_1_210' title='bbox 613 3267 646 3327; x_wconf 84' lang='lat' dir='ltr'>et</span> <span class='ocrx_word' id='word_1_211' title='bbox 669 3284 784 3326; x_wconf 87' lang='lat' dir='ltr'>causae</span> <span class='ocrx_word' id='word_1_212' title='bbox 809 3284 920 3326; x_wconf 90' lang='lat' dir='ltr'>eorum</span> 
     </span>
    </p>
   </div>
   <div class='ocr_carea' id='block_1_3' title="bbox 25 3469 1072 3629">
    <p class='ocr_par' dir='ltr' id='par_1_14' title="bbox 25 3469 1072 3629">
     <span class='ocr_line' id='line_1_36' title="bbox 32 3469 1072 3546; baseline -0.001 -17"><span class='ocrx_word' id='word_1_213' title='bbox 32 3469 34 3472; x_wconf 59' lang='grc'>’</span> <span class='ocrx_word' id='word_1_214' title='bbox 149 3481 182 3529; x_wconf 86' lang='grc'>16</span> <span class='ocrx_word' id='word_1_215' title='bbox 201 3473 335 3546; x_wconf 84' lang='lat' dir='ltr'>habente]</span> <span class='ocrx_word' id='word_1_216' title='bbox 354 3472 487 3528; x_wconf 87' lang='lat' dir='ltr'>habentis</span> <span class='ocrx_word' id='word_1_217' title='bbox 556 3478 588 3526; x_wconf 79' lang='lat'>17</span> <span class='ocrx_word' id='word_1_218' title='bbox 608 3471 803 3541; x_wconf 82' lang='lat' dir='ltr'>sterquilinam</span> <span class='ocrx_word' id='word_1_219' title='bbox 871 3478 906 3527; x_wconf 79' lang='lat'>20</span> <span class='ocrx_word' id='word_1_220' title='bbox 925 3489 996 3542; x_wconf 87' lang='lat' dir='ltr'>quae</span> <span class='ocrx_word' id='word_1_221' title='bbox 1016 3489 1072 3541; x_wconf 91' lang='lat' dir='ltr'>quo</span> 
     </span>
     <span class='ocr_line' id='line_1_37' title="bbox 25 3542 1017 3629; baseline -0.004 -30"><span class='ocrx_word' id='word_1_222' title='bbox 25 3620 29 3629; x_wconf 31' lang='lat'><strong>·</strong></span> <span class='ocrx_word' id='word_1_223' title='bbox 57 3547 185 3616; x_wconf 84' lang='lat' dir='ltr'>tempore</span> <span class='ocrx_word' id='word_1_224' title='bbox 204 3544 268 3600; x_wconf 88' lang='lat' dir='ltr'>loco</span> <span class='ocrx_word' id='word_1_225' title='bbox 285 3547 318 3598; x_wconf 82' lang='lat' dir='ltr'>ut</span> <span class='ocrx_word' id='word_1_226' title='bbox 336 3545 457 3600; x_wconf 82' lang='lat' dir='ltr'>debeant</span> <span class='ocrx_word' id='word_1_227' title='bbox 528 3550 563 3599; x_wconf 81' lang='lat'>25</span> <span class='ocrx_word' id='word_1_228' title='bbox 583 3559 653 3612; x_wconf 81' lang='lat' dir='ltr'>quae</span> <span class='ocrx_word' id='word_1_229' title='bbox 673 3542 783 3614; x_wconf 85' lang='lat' dir='ltr'>possint</span> <span class='ocrx_word' id='word_1_230' title='bbox 801 3546 884 3612; x_wconf 88' lang='lat' dir='ltr'>(quae</span> <span class='ocrx_word' id='word_1_231' title='bbox 903 3543 960 3598; x_wconf 83' lang='lat' dir='ltr'>sint</span> <span class='ocrx_word' id='word_1_232' title='bbox 983 3544 1017 3610; x_wconf 81' lang='lat' dir='ltr'>V)</span> 
     </span>
    </p>
   </div>
   <div class='ocr_carea' id='block_1_4' title="bbox 0 0 1223 3952">
    <p class='ocr_par' dir='ltr' id='par_1_15' title="bbox 0 0 1223 3952">
     <span class='ocr_line' id='line_1_38' title="bbox 0 0 1223 3952; baseline 0 0"><span class='ocrx_word' id='word_1_233' title='bbox 0 0 1223 3952; x_wconf 95' lang='lat' dir='ltr'> </span> 
     </span>
    </p>
   </div>
  </div>
 </body>
</html>
