2430 3952
153 217 197 282 84
562 215 749 272 VARRONIS

153 364 221 426 sole
240 364 353 427 exorto
372 364 484 445 potum
504 361 701 446 propellunt,
719 365 755 426 ut
773 360 1032 445 redintegrantes
1050 382 1167 428 rursus

101 461 139 517 11
153 452 192 516 ad
207 454 337 534 pastum
353 450 527 514 alacriores
543 450 672 514 faciant.
691 450 819 516 circiter
832 450 1028 516 meridianos
1043 454 1167 536 aestus,

152 541 228 603 dum
258 539 498 622 defervescant,
535 539 595 603 sub
624 539 817 604 umbriferae
845 560 941 622 rupes
969 540 1002 602 et
1029 538 1167 605 arbores

151 628 280 712 patulas
301 627 465 711 subigunt,
489 627 594 711 quoad
616 627 833 713 refrigeratur.
880 648 954 692 aere
977 629 1165 712 vespertino

151 738 262 780 rursus
290 721 428 799 pascunt
455 717 495 780 ad
524 716 602 781 solis
633 737 793 789 occasum.
838 716 886 779 ita
908 737 1042 799 pascere
1065 738 1166 801 pecus
1190 738 1202 779 s

152 806 291 889 oportet,
314 808 351 869 ut
372 827 485 870 averso
506 806 573 869 sole
592 808 687 888 agat:
711 808 809 888 caput
828 804 915 869 enim
934 804 1075 870 maxime
1093 808 1166 871 oris

152 894 250 958 molle
274 896 332 957 est.
379 895 420 957 ab
444 914 560 958 occasu
583 915 683 977 parvo
707 893 881 959 intervallo
904 893 1100 977 interposito
1125 894 1166 960 ad

152 981 327 1046 bibendum
351 981 519 1065 adpellunt
542 984 575 1045 et
593 1004 704 1046 rursus
722 984 870 1066 pascunt,
893 979 999 1066 quaed
1017 985 1167 1048 contene-

151 1070 272 1136 bravit:
296 1071 413 1135 iterum
437 1070 523 1134 enim
546 1073 617 1134 turn
639 1070 823 1136 iucunditas
846 1070 882 1134 in
904 1070 1007 1136 herba
1023 1071 1167 1136 redinte-

153 1158 271 1241 grabit.
315 1159 395 1222 haec
424 1181 443 1222 a
471 1159 678 1242 vergiliarum
709 1162 823 1224 exortu
853 1159 893 1224 ad
924 1159 1166 1243 aequinoctium
1179 1181 1202 1223 ro

102 1256 141 1312 12
154 1247 340 1311 autumnale
363 1248 504 1310 maxime
528 1247 711 1312 observant.
749 1247 866 1332 quibus
890 1247 924 1311 in
943 1247 1023 1312 locis
1042 1269 1166 1314 messes

153 1338 229 1399 sunt
258 1335 376 1418 factae,
403 1336 525 1420 inigere
555 1339 606 1400 est
633 1336 712 1400 utile
735 1335 854 1419 duplici
877 1335 917 1400 de
939 1358 1052 1420 causa,
1078 1336 1166 1422 quod

153 1428 185 1487 et
212 1423 334 1488 caduca
362 1424 452 1507 spica
480 1427 668 1489 saturantur
697 1428 730 1488 et
757 1424 886 1489 obtritis
915 1425 1103 1490 stramentis
1132 1430 1165 1491 et

153 1513 387 1578 stercoratione
410 1513 534 1577 faciunt
557 1513 592 1576 in
610 1535 730 1578 annum
751 1517 878 1598 segetes
898 1513 1059 1579 meliores.
1092 1514 1166 1578 reli·

152 1624 234 1685 quae
256 1602 423 1685 pastiones
441 1601 578 1667 hiberno
598 1622 636 1666 ac
654 1623 753 1667 verno
772 1605 919 1686 tempore
942 1601 1005 1667 hoc
1023 1603 1201 1688 mutantia

152 1691 237 1774 quod
269 1691 385 1774 pruina
413 1689 479 1754 iam
507 1691 637 1754 exulata
664 1690 851 1774 propellunt
878 1691 913 1754 in
942 1691 1102 1775 pabulum
1132 1694 1166 1757 et

151 1784 289 1862 pascunt
307 1779 393 1843 diem
410 1781 515 1842 totum
535 1800 572 1843 ao
591 1778 769 1843 meridiano
788 1784 933 1863 tempore
952 1779 1052 1843 semel
1067 1800 1165 1865 agere

152 1871 264 1949 potum
289 1867 369 1931 satis
392 1866 522 1931 habent.

100 1963 140 2020 13
241 1954 332 2029 Quod
356 1955 396 2019 ad
419 1955 583 2037 pastiones
608 1955 734 2039 attinet,
757 1955 836 2020 haec
858 1956 926 2021 fere
948 1959 1039 2040 sunt3
1078 1956 1165 2041 quod

153 2045 192 2108 ad
215 2044 370 2128 feturam,
400 2064 481 2126 quae
509 2043 623 2108 dicam.
669 2045 798 2128 arietes,
828 2044 944 2129 quibus
975 2044 1020 2109 sis
1044 2066 1201 2111 usurusro

153 2131 193 2195 ad
221 2131 374 2210 feturam,
410 2131 556 2196 bimestri
583 2136 730 2215 tempore
760 2136 837 2216 ante
869 2132 1100 2198 secernendum
1132 2137 1166 2200 et

152 2220 274 2305 largius
297 2220 417 2303 pabulo
441 2220 644 2304 explendum.
685 2243 757 2285 oum
780 2221 946 2287 redierunt
968 2223 1012 2287 ad
1036 2222 1166 2288 stabula

154 2331 171 2373 e
193 2313 298 2393 pastu,
320 2309 477 2374 hordeum
500 2309 528 2374 si
552 2314 602 2374 est
625 2309 747 2392 datum,
769 2311 929 2375 firmiores
951 2310 1035 2375 fiunt
1057 2310 1099 2376 ad
1117 2311 1163 2377 la·

151 2398 264 2463 borem
292 2399 522 2465 sustinendum.
571 2401 699 2481 tempus
728 2398 886 2482 optimum
919 2399 960 2463 ad
991 2398 1165 2465 admitten-

153 2487 229 2551 dum
248 2486 289 2550 ab
309 2487 430 2552 arcturi
450 2509 566 2552 occasu
584 2487 623 2550 ad
644 2487 772 2570 aquilae
791 2508 952 2571 occasum,
975 2487 1061 2572 quod
1081 2510 1163 2572 quae
1176 2508 1200 2551 a

153 2580 266 2658 postea
288 2576 530 2660 concipiuntur,
559 2576 642 2639 fiunt
665 2574 840 2659 vegrandes
865 2579 962 2660 atque
985 2575 1165 2643 inbecillae.

103 2665 224 2729 llovis
248 2684 409 2748 praegnas
433 2668 483 2728 est
506 2664 619 2728 diebus
643 2680 695 2729 cn.
739 2663 850 2747 itaque
880 2665 919 2728 fit
940 2667 1053 2748 partus
1077 2665 1166 2730 exitu

154 2752 344 2835 autumnali,
365 2776 438 2817 oum
457 2773 512 2816 aer
532 2756 581 2816 est
600 2753 724 2817 modice
743 2756 943 2836 temperatus
962 2755 996 2819 et
1012 2753 1165 2838 primitus

155 2841 257 2905 oritur
279 2841 382 2905 herba
404 2841 563 2906 imbribus
586 2840 782 2924 primoribus
805 2840 947 2907 evocata.
987 2863 1085 2926 quam
1108 2843 1166 2908 diu

245 3067 388 3137 lpotum]
411 3069 480 3136 puto
570 3066 758 3138 talagriores
848 3068 998 3137 dputulas
1023 3067 1168 3124 subiciunt

155 3137 249 3206 quaed
277 3137 446 3208 refrigerata
523 3144 555 3192 12
579 3137 687 3209 inigere
716 3137 771 3209 est]
794 3137 913 3193 interest
982 3144 1017 3192 22
1042 3138 1080 3193 ad
1102 3146 1168 3197 onte

156 3208 335 3264 stabulaum.
356 3211 432 3277 (odd.
458 3209 493 3277 V)
550 3216 583 3263 26
603 3209 763 3279 concipiunt
816 3209 965 3265 inueeillae
1020 3215 1055 3264 2⁵1
1075 3211 1168 3267 exitus

246 3430 259 3478 1
279 3425 377 3493 potum
395 3423 557 3492 propellunt
576 3423 731 3478 Pontedera
748 3423 834 3490 antiq.
847 3438 876 3490 p.
890 3425 947 3476 423
988 3429 1006 3477 4
1023 3422 1169 3491 patulaso

154 3499 180 3549 et
198 3495 264 3549 libri
280 3494 441 3551 recentiores
541 3499 572 3547 12
591 3493 698 3564 inigere
716 3492 786 3548 utile
810 3492 928 3548 Ursinus
1022 3499 1057 3548 26
1076 3494 1169 3550 eonci-

102 3647 104 3652 .
155 3565 270 3634 pientur
293 3566 437 3632 Ursinus·
482 3571 516 3620 27
536 3564 613 3619 exitu
630 3582 678 3621 rna
