2430 3952
345 219 476 275 auavu
493 219 729 276 avanosavu
748 219 814 274 na.
833 221 846 272 1
866 226 880 274 1
1096 221 1116 285 9

104 382 231 444 maeus,
272 363 470 449 Agathocles
509 362 622 448 Ohius,
658 363 850 448 Apollonius
887 365 1118 452 Pergamenae,
1169 446 1172 451 ἢ

104 454 318 518 Aristandros
342 453 566 536 Atheniensis,
589 453 748 519 Bacchius
772 454 934 537 Milesius,
957 454 1040 518 Bion
1061 454 1117 520 So-

104 544 189 625 leus,
218 540 431 607 Chaeresteus
459 546 491 606 et
514 540 674 606 Chaereas
698 542 926 626 Athenienses,
954 541 1116 619 Diodorus
1201 540 1209 553 ’

105 631 274 715 Prieneus,
307 630 393 695 Dion
426 629 662 714 Colophonius,
698 629 884 714 Diophanes
918 630 1117 719 Nicaeensis,

78 719 270 804 sEpigenes
297 718 455 803 Rhodius,
487 718 625 804 Euagon
654 718 806 803 Thasius,
833 719 1017 803 Euphronii
1045 721 1117 804 duo,

104 830 191 872 unus
214 808 432 887 Atheniensis,
455 808 533 872 alter
555 807 804 893 Amphipolites,
827 807 986 893 Hegesias
1010 807 1116 875 Maro·

104 899 202 979 nites,
224 895 394 960 Menandri
414 897 486 979 duo,
510 918 592 960 unus
611 896 775 974 Prieneus,
799 898 881 961 alter
899 896 1116 983 Heracleotes,

104 985 255 1050 Nicasius
288 985 480 1069 Maronites,
516 984 668 1070 Pythion.
695 984 850 1051 Rhodius.
901 986 939 1049 de
976 987 1117 1070 reliquis,
1150 995 1168 1051 9

104 1094 244 1157 quorum
262 1094 343 1156 quaa
362 1073 461 1137 fuerit
478 1073 586 1156 patria
603 1094 670 1137 non
690 1075 808 1158 accepi,
831 1077 907 1138 sunt
926 1076 1118 1158 Androtion,

61 1189 90 1228 ιο
104 1161 302 1245 Aeschrion,
325 1161 563 1244 Aristomenes,
586 1161 828 1245 Athenagoras,
853 1159 984 1239 Crates,
1006 1162 1116 1241 Dadis,

103 1250 291 1335 Dionysius,
308 1249 486 1334 Euphiton,
504 1249 705 1332 Euphorion,
717 1251 881 1334 Eubulus,
894 1250 1117 1335 Lysimachus,

73 1406 86 1425 .
102 1339 264 1421 Mnaseas,
278 1339 507 1423 Menestratus,
521 1338 760 1422 Plentiphanes,
776 1339 893 1423 Persis,
908 1339 1116 1423 Theophilus.

102 1427 140 1492 hi
159 1447 238 1511 quos
259 1426 325 1491 dixi
344 1449 455 1491 omnes
470 1427 577 1491 soluta
592 1427 739 1490 oratione
756 1427 968 1511 scripserunt3
988 1430 1117 1492 easdem

102 1538 156 1580 res
172 1516 271 1580 etiam
285 1515 416 1599 quidam
431 1515 586 1597 versibus,
601 1519 638 1578 ut
652 1514 811 1580 Hesiodus
827 1517 998 1598 Ascraeus,
1011 1516 1118 1580 Mene·

61 1628 90 1670 15
106 1608 214 1669 crates
238 1603 409 1687 Ephesius.
445 1603 505 1667 hos
527 1603 696 1667 nobilitate
720 1603 818 1687 Mago
838 1602 1117 1688 Carthaginiensis
1130 1613 1171 1670 10

102 1693 282 1778 praeteriit,
304 1693 440 1776 poenica
463 1692 576 1776 lingua
597 1693 721 1774 quires
742 1691 904 1776 dispersas
924 1694 1116 1777 conprendit

103 1782 198 1845 libris
221 1799 336 1864 xxnx,
365 1801 444 1863 quos
469 1768 598 1844 Cassius
625 1778 804 1862 Dionysius
830 1779 994 1845 Uticensis
1018 1784 1117 1846 vertit

104 1870 200 1934 libris
223 1888 273 1933 xx
295 1891 333 1934 ao
356 1890 473 1953 graeca
496 1869 608 1953 lingua
632 1866 767 1933 Sextilio
791 1871 935 1952 praetori
959 1870 1059 1934 misit:
1083 1871 1116 1934 in

105 1980 188 2043 quae
213 1957 377 2023 volumina
401 1957 439 2022 de
463 1957 587 2041 graecis
616 1957 708 2021 libris
732 1979 843 2021 eorum
868 1980 948 2041 quos
973 1959 1039 2022 dixi
1062 1959 1115 2022 ad-

58 2071 89 2110 ao
103 2047 182 2111 iecit
208 2069 274 2111 non
301 2067 404 2130 pauca
428 2049 461 2109 et
484 2046 523 2109 de
545 2043 697 2128 Magonis
722 2045 862 2129 dempsit
888 2046 992 2111 instar
1017 2047 1117 2111 libro-

102 2157 177 2199 rum
200 2153 272 2200 vni.
317 2134 415 2198 hosce
446 2135 535 2217 ipsos
567 2135 694 2198 utiliter
725 2135 765 2198 ad
793 2153 830 2198 vr
858 2135 960 2199 libros
993 2136 1118 2220 redegit

103 2223 293 2307 Diophanes
320 2223 356 2286 in
382 2222 540 2306 Bithynia
568 2226 601 2286 et
629 2223 718 2286 misit
746 2222 899 2288 Deiotaro
929 2224 1009 2308 regi.
1055 2236 1167 2307 quoll

102 2312 235 2377 brevius
258 2311 297 2374 de
321 2332 359 2376 ea
381 2333 416 2374 re
441 2332 541 2374 conor
562 2311 667 2374 tribus
691 2311 782 2375 libris
802 2333 970 2395 exponere,
993 2333 1057 2376 uno
1078 2313 1117 2376 de

104 2401 177 2485 agri
201 2401 335 2484 cultura,
359 2400 461 2462 altero
485 2399 524 2462 de
546 2420 581 2462 re
604 2399 765 2481 pecuaria,
787 2400 886 2464 tertio
906 2400 1117 2464 de'villaticis

61 2511 89 2552 as
103 2489 323 2572 pastionibus,
353 2487 417 2552 hoe
449 2487 533 2551 libro
567 2487 763 2550 circumcisis
795 2487 906 2572 rebus,
938 2509 1020 2570 quae
1052 2501 1118 2552 non

105 2578 250 2642 arbitror
286 2576 450 2664 pertinere
484 2576 524 2639 ad
557 2575 629 2661 agri
662 2576 829 2639 culturam.
883 2577 995 2658 itaque·
1027 2577 1117 2659 prius

103 2664 289 2747 ostendam,
316 2686 398 2748 quae
427 2664 549 2728 secerni
577 2666 725 2747 oporteat
754 2664 795 2726 ab
824 2685 875 2747 ea,
902 2668 972 2728 turn
1000 2665 1038 2727 de
1065 2664 1117 2729 his
1185 2725 1190 2732 .

102 2755 202 2818 rebus
231 2754 335 2825 dicam
364 2775 500 2835 sequens
528 2752 692 2816 naturales
721 2752 904 2817 divisiones.
958 2775 995 2816 ea
1024 2758 1117 2816 erunt

103 2865 144 2907 ex
162 2841 326 2906 radicibus
345 2841 449 2922 trinis,
468 2845 501 2904 et
520 2862 601 2925 quae
619 2842 688 2923 ipse
708 2841 742 2903 in
761 2841 841 2904 meis
860 2841 968 2905 lundis
984 2842 1116 2906 colendo

62 2954 89 2993 ao
105 2929 328 3011 animadverti,
352 2936 384 2992 et
407 2951 488 3013 quae
511 2929 641 3013 legi,'et
664 2950 746 3011 quae
771 2951 790 2993 a
813 2930 926 3012 peritis
951 2929 1048 2994 audii.

195 3016 389 3082 Sementivis
415 3017 506 3081 feriis
533 3019 569 3081 in
591 3017 703 3081 aedem
731 3017 867 3081 Telluris
891 3039 1043 3081 veneram
1067 3038 1116 3080 ro·
1131 3034 1157 3087 11

105 3144 318 3152 -—.——..-...-—-

194 3196 211 3245 4
230 3190 396 3260 priennaeus
469 3195 484 3244 5
503 3187 618 3245 rhodios
694 3189 783 3245 tasius
802 3190 950 3259 euphranii
972 3190 1027 3244 duo
1045 3208 1117 3244 unus

103 3261 277 3318 atheniensis
296 3260 496 3331 amphipolites
548 3259 703 3330 7prieneis
727 3262 903 3330 (priennaeus
923 3261 962 3331 V)
1017 3267 1049 3315 11
1072 3276 1117 3315 eo-

101 3333 223 3403 phorion
261 3339 294 3386 15
308 3330 458 3386 nobilitate
473 3331 633 3399 (nobilitate
641 3331 712 3402 Pol.)
750 3338 783 3385 16
797 3332 934 3401 phoenica
970 3332 1031 3402 qui]
1043 3332 1117 3401 quod

144 3538 148 3544 .
195 3490 385 3560 5Euphronii
410 3490 590 3546 Schneiderur
689 3499 705 3545 6
724 3489 797 3544 alter
819 3492 882 3546 odd.
902 3506 918 3546 o
937 3496 961 3544 et
985 3496 1118 3545 corrector

103 3564 207 3619 codicis
224 3563 385 3617 Floreatim‘
458 3567 489 3615 11
509 3560 706 3630 Euphorione
