2430 3952
138 217 189 303 ⁸92
559 213 747 272 VARRONIS

147 365 302 446 quattuor
333 361 419 425 enirn
452 381 579 426 menses
614 364 664 425 est
695 381 857 445 praegnas
890 362 923 423 et
954 361 1033 423 tunc
1065 357 1163 443 parit,

147 472 220 514 curn
234 450 354 534 pabulo
373 449 518 514 abundat
536 454 632 514 terra.
658 471 761 535 neque
781 449 921 513 minores
941 446 1162 512 admittendae

148 561 243 623 quam
267 539 449 623 anniculae3
487 538 601 602 melius
625 539 743 623 viginti
766 558 892 601 menses
916 538 1097 620 expectare,
1127 541 1163 600 ut

147 627 255 692 bimae
289 627 426 710 pariant.
477 648 550 690 cum
583 629 775 710 coeperunt,
805 625 839 689 id
871 625 977 690 facere
1009 623 1163 689 dicuntur

118 723 250 800 Susque
283 716 324 780 ad
356 715 532 800 septimum
562 737 682 779 annum
709 718 804 780 recte.
856 713 1054 778 admissurus
1089 734 1196 786 cums

143 804 280 888 faciunt,
305 805 364 886 [et]
389 804 565 889 prodigunt
588 805 621 867 in
644 805 769 868 lutosos
792 803 912 867 limites
932 823 970 867 ac
988 803 1104 886 lustra,
1126 804 1163 867 nt

148 892 337 958 volutentur
368 893 401 956 in
434 893 519 975 luto,
552 914 634 976 quae
668 893 754 956 enim
787 891 918 956 illorum
949 891 1096 976 requies,
1126 894 1163 955 nt

148 981 269 1047 lavatio
293 981 446 1047 hominis.
491 1002 565 1044 cum
589 1001 701 1044 omnes
725 982 949 1063 conceperunt,
978 1001 1094 1043 rursus
1117 999 1163 1044 se·

148 1073 287 1155 gregant
320 1091 437 1135 verres.
486 1069 589 1133 verris
625 1073 697 1134 octo
730 1090 877 1133 mensum
909 1066 1024 1152 incipit
1056 1068 1164 1149 salire,

148 1161 317 1243 permanet
348 1159 408 1238 [et]
444 1161 479 1220 ut
505 1157 539 1220 id
566 1160 653 1221 recte
680 1157 785 1222 facere
815 1157 921 1241 possit
951 1157 991 1220 ad
1018 1156 1163 1240 trimum,
1176 1188 1198 1228 10

149 1246 262 1311 deinde
285 1246 313 1310 it
335 1249 432 1328 retro,
456 1244 560 1330 quaad
584 1247 731 1329 pervenit
754 1246 795 1310 ad
818 1246 950 1311 lanium.
994 1245 1050 1310 hic
1077 1245 1163 1310 enim

149 1334 339 1400 conciliator
362 1333 476 1398 suillae
500 1334 607 1399 carnis
632 1334 727 1399 datus
751 1335 880 1418 populo.

119 1430 137 1486 9
240 1422 302 1488 Sus
326 1443 440 1508 graece
463 1422 581 1488 dicitur
603 1411 656 1504 ὗς,
691 1424 768 1489 clim
795 1423 861 1499 θῦς
893 1422 998 1487 dictus
1032 1421 1075 1487 ab
1107 1422 1163 1487 illo

149 1512 246 1576 verbo
266 1511 352 1596 quod
371 1512 483 1576 dicunt
500 1509 609 1594 θύειν,
629 1512 715 1594 quod
734 1515 783 1576 est
801 1512 967 1576 inmolare.
1004 1511 1046 1575 ab
1065 1511 1163 1576 suillo

149 1602 233 1665 enim
254 1602 401 1685 [genere]
420 1622 534 1683 pecore
554 1600 734 1665 inmolandi
753 1601 882 1664 initium
899 1600 1040 1684 primurn
1055 1621 1162 1684 sump
1176 1632 1198 1672 15

148 1694 218 1753 tuni
242 1690 377 1770 videtur,
401 1690 491 1753 cuius
514 1689 662 1772 vestigia,
687 1689 772 1772 quod
796 1689 897 1752 initiis
922 1686 1049 1753 Cereris
1073 1688 1164 1772 porci

149 1778 361 1858 inmolantur,
385 1781 417 1840 et
440 1777 526 1860 quod
548 1776 649 1841 initiis
672 1777 776 1862 pacis,
804 1776 917 1842 foedus
941 1798 1014 1840 cum
1036 1776 1164 1861 feritur,

149 1887 265 1948 porcus
298 1865 466 1946 occiditur,
506 1870 538 1929 et
572 1866 657 1950 quod
688 1867 876 1948 nuptiarum
908 1866 1003 1930 initio
1037 1865 1165 1949 antiqui

149 1975 241 2039 reges
277 1975 314 2017 ae
351 1953 505 2017 sublimes
538 1953 600 2018 viri
637 1954 668 2016 in
706 1953 839 2018 Etruria
871 1955 905 2018 in
936 1953 1165 2019 coniunctione

149 2042 288 2125 nuptiali
311 2063 397 2106 nova
419 2044 522 2125 nupta
541 2047 574 2105 et
592 2063 693 2106 novus
713 2043 848 2107 maritus
867 2043 1007 2126 primum
1026 2063 1164 2128 porcum
1176 2072 1201 2113 ρο

98 2137 139 2194 10
149 2131 316 2194 inmolant.
353 2129 452 2213 prisci
471 2151 597 2214 quoque
616 2129 735 2214 Latini,
759 2133 858 2195 etiam
878 2129 993 2196 Graeci
1012 2131 1048 2195 in
1064 2130 1164 2196 Italia

147 2220 232 2283 idem
265 2218 430 2282 factitasse
460 2219 618 2282 videntur.
668 2241 744 2284 nam
779 2225 811 2283 et
840 2224 971 2284 nostrae
1001 2221 1165 2303 mulieres,

148 2307 287 2371 maxime
315 2306 471 2390 nutrices,
499 2311 648 2371 naturam
678 2330 742 2391 qua
770 2309 909 2372 feminae
938 2313 1015 2373 sunt
1041 2309 1077 2373 in
1099 2309 1164 2374 vir·

148 2397 280 2480 ginibus
304 2396 471 2480 appellant
492 2418 640 2480 porcum,
664 2402 697 2461 et
720 2417 856 2480 graecae
880 2396 1039 2480 choeron,
1061 2397 1164 2482 signi·

149 2485 283 2550 ficantes
304 2507 374 2548 esse
394 2484 528 2569 dignum
545 2485 672 2568 insigne
691 2486 888 2569 nuptiarum.
912 2485 1044 2550 suillum
1062 2507 1163 2568 pecus
1176 2516 1201 2557 εὖ

149 2574 304 2638 donatum
328 2574 369 2637 ab
392 2579 510 2637 natura
533 2573 643 2637 dieunt
662 2573 731 2653 [iis]
753 2575 793 2637 ad
812 2574 1017 2658 epulandum.
1051 2574 1164 2659 itaque

240 2719 252 2765 1
273 2727 416 2781 praegnas
514 2717 529 2764 2
548 2710 694 2766 habundat
713 2710 851 2781 (abundat
875 2712 914 2779 V)
1005 2719 1021 2767 6
1040 2712 1164 2786 lutosos]

148 2782 258 2836 lutosus
349 2784 516 2851 8segregat
606 2787 639 2836 10
664 2783 791 2852 trimum]
810 2781 933 2851 primurn
1025 2788 1057 2837 11
1076 2784 1114 2856 it]
1131 2783 1164 2838 id

151 2861 182 2906 11
210 2852 302 2920 quoad
396 2858 427 2906 12
452 2851 623 2906 suiuecarnis
715 2858 747 2907 13
772 2852 876 2907 dicitur
898 2871 949 2923 uys
974 2852 1043 2908 clim
1061 2854 1164 2925 thysus

149 2923 240 2977 dictus
329 2928 360 2977 16
380 2920 499 2993 Cereris]
519 2922 590 2977 ceris
671 2930 705 2978 23
724 2924 792 2995 qua]
811 2941 895 2993 quam
977 2931 1012 2979 24
1030 2925 1164 2996 graecia

149 2993 286 3048 echoercn
368 2998 401 3047 25
420 2992 525 3063 insigni
610 3000 644 3048 26
664 2994 699 3049 ab
717 2998 820 3049 natura
839 2998 867 3065 (a
884 2995 987 3050 natura
1010 2995 1079 3051 Vct
1096 3013 1163 3066 apo·

148 3066 257 3135 prophe
274 3067 435 3132 recentiora,
454 3064 489 3118 ab
508 3066 609 3119 natura
627 3066 683 3120 cod.
703 3065 783 3134 Par.)

238 3211 253 3260 ὁ
274 3223 336 3261 cum
355 3204 473 3273 faciunt,
492 3206 646 3275 prodigunt
663 3206 693 3259 in
711 3207 870 3262 lutuososv
974 3211 990 3260 8
1010 3224 1040 3262 sc
1076 3211 1165 3279 egunt

147 3277 293 3332 Iracundus
367 3282 400 3330 10
416 3279 565 3346 permanet
582 3278 614 3330 ut
638 3278 776 3333 Victorius
848 3279 884 3333 nd
901 3279 1017 3333 trimum
1058 3282 1165 3351 caliges·

150 3355 182 3402 12
203 3347 284 3403 suilla
305 3347 394 3402 carnis
414 3348 470 3402 eod.
489 3348 559 3402 Par.
655 3355 686 3402 13
707 3347 775 3402 clim
793 3349 851 3410 θῦς
870 3349 960 3403 dictus
979 3349 1165 3407 Schneiderrer

126 3424 129 3429 “
149 3426 182 3473 16
199 3420 300 3474 cereris
314 3436 341 3473 m
355 3425 380 3474 et
393 3419 450 3473 eod.
465 3418 555 3482 Flor„
573 3420 636 3473 item
649 3425 797 3474 correctum
810 3422 842 3474 iu
856 3421 912 3476 cod.
925 3421 992 3475 Par.
1030 3426 1065 3476 23
1080 3437 1164 3491 quac

148 3496 172 3545 et
191 3496 323 3545 corrector
341 3491 442 3545 codicis
459 3489 588 3544 Pariani
708 3496 742 3544 24
761 3506 880 3558 graecae
899 3496 997 3560 χοῖρον
1022 3491 1164 3549 Victorius

147 3566 182 3613 25
201 3560 311 3630 insigne
330 3577 345 3615 υ
418 3566 452 3615 26
470 3559 568 3615 dicunt
586 3561 621 3614 ad
640 3562 810 3631 epulandum
827 3578 843 3617 v
