2430 3952
131 221 195 285 154
537 218 724 274 VARRONIS

99 375 204 431 2nam
237 387 310 429 cum
341 385 465 448 pauper
496 385 569 427 cum
601 362 726 427 duobus
759 363 915 428 fratribus
948 365 981 426 et
1014 361 1141 427 duabus

129 454 294 520 sororibus
331 474 435 516 essem
462 453 607 530 relictus,
640 474 774 537 quarum
804 451 939 516 alteram
968 451 1038 516 sine
1065 450 1143 515 dote

129 543 201 608 dedi
224 542 374 624 Lucullo,
403 562 422 604 a
451 562 513 625 quo
542 540 721 604 hereditate
750 561 801 604 me
831 561 923 604 cessa
945 539 1086 623 primum
1110 543 1144 604 et

128 633 252 717 primus
284 630 424 694 mulsum
458 629 545 693 domi
576 650 666 693 meae
699 629 808 692 bibere
836 629 927 712 coepi
956 629 1036 712 ipse,
1068 649 1144 692 cum

128 722 252 784 interea
269 719 372 782 nihilo
391 717 497 781 minus
517 739 619 800 paene
637 718 754 781 cotidie
773 717 807 780 in
826 716 973 781 convivio
991 715 1143 781 omnibus
1171 741 1184 782 a

99 809 261 873 3daretur
284 808 432 871 mulsum.
459 810 626 888 praeterea
649 828 756 869 meum
775 809 854 888 erat,
876 826 944 869 non
962 808 1063 889 tuum,
1087 826 1143 869 eas

130 897 258 961 novisse
278 897 435 978 volucres,
454 894 569 978 quibus
588 894 763 976 plurimum
781 897 898 957 natura
916 893 1026 977 ingeni
1046 896 1144 978 atque

131 985 211 1049 artis
235 984 357 1049 tribuit.
385 983 495 1065 itaque
519 1004 573 1045 eas
597 983 711 1046 melius
736 1004 787 1046 me
809 1003 905 1047 nosse
930 1004 1027 1066 quam
1049 984 1082 1046 te
1106 985 1144 1046 ut

131 1074 224 1154 scits,
247 1072 286 1137 de
308 1070 491 1135 incredibili
514 1092 623 1135 earum
648 1075 716 1134 arte
734 1070 878 1134 naturali
897 1070 980 1134 audi.
1008 1069 1143 1153 Merula,

131 1165 166 1225 ut
190 1165 297 1226 cetera
321 1159 407 1241 fecit,
429 1158 602 1223 historicos
622 1180 703 1242 quae
723 1159 814 1242 sequi
834 1158 1184 1241 melitturgoesole·1o

131 1254 187 1313 ant
210 1248 256 1329 [id
279 1251 329 1311 est
352 1248 407 1330 qui
431 1250 557 1311 exercet
580 1247 739 1326 mellaria]
765 1246 1007 1311 demonstrabit.

76 1345 119 1400 ’4
218 1336 362 1400 Primum
386 1357 463 1419 apes
482 1339 661 1399 nascuntur
678 1336 798 1420 partim
818 1357 856 1399 ex
875 1335 1000 1419 apibus,
1022 1335 1144 1417 partim

131 1446 169 1488 ex
201 1424 323 1489 bubulo
356 1445 491 1506 corpore
522 1424 713 1507 putrefacto.
765 1424 875 1507 itaque
902 1423 1082 1488 Archelaus
1110 1424 1144 1487 in
1204 1428 1206 1432 ”

131 1513 364 1598 epigrammate
389 1514 434 1576 ait
458 1535 512 1577 eas
536 1534 605 1576 esse
941 1510 948 1530 “

134 1725 164 1788 ,ἁ
305 1636 384 1718 βοὸς
407 1632 575 1718 palpum
597 1631 830 1717 πεπλανημένα
851 1631 961 1716 τέκνα,
1138 1658 1185 1719 μ

131 1749 141 1788 1
165 1748 217 1789 em

198 1831 308 1895 ἵππων
331 1824 392 1913 μὲν
415 1836 542 1912 σφῆκες
561 1828 668 1910 γενεά,
692 1830 825 1911 μόσχων
849 1824 887 1892 δὲ
910 1826 1071 1912 μέλισσαι.

133 1956 216 2034 [eae]
237 1974 314 2036 apes
333 1974 399 2016 non
419 1954 493 2015 sunt
512 1952 659 2015 solitaria
675 1953 799 2035 natura,
819 1952 856 2014 ut
874 1951 1011 2036 aquilae,
1033 1952 1089 2016 sed
1108 1956 1146 2017 ut

131 2042 288 2105 homines.
334 2039 419 2123 quod
449 2039 477 2102 si
504 2039 538 2100 in
566 2038 627 2103 hoo
654 2038 778 2103 faciunt
805 2040 905 2104 etiam
932 2040 1077 2125 graguli,
1110 2045 1146 2106 at

131 2151 199 2193 uon
230 2128 324 2208 idem,
357 2127 442 2211 quod
471 2127 524 2190 hic
552 2127 691 2192 societas
720 2127 827 2212 operis
856 2126 889 2192 et
917 2129 1145 2214 aedificiorum,
1159 2154 1186 2194 uo

134 2216 219 2301 quod
246 2217 313 2279 illic
335 2237 401 2281 non
425 2219 487 2299 est,
515 2215 676 2280 hieratio
701 2219 798 2301 atque
827 2238 893 2301 ars,
923 2218 963 2281 ab
987 2216 1039 2281 his
1063 2239 1146 2302 opus

132 2305 239 2369 facere
261 2305 403 2387 discunt,
432 2303 548 2369 abhis
572 2304 755 2388 aedificare,
784 2305 824 2369 ab
852 2305 902 2369 his
926 2306 1049 2370 cibaria
1071 2328 1146 2372 con-

101 2395 216 2459 ddere.
266 2394 329 2457 tria
358 2393 602 2475 enimharum,
630 2393 733 2475 cibus,
762 2393 890 2478 domus,
918 2414 1014 2477 opus,
1040 2415 1167 2480 neque-

132 2483 217 2545 idem
241 2482 327 2565 quod
356 2503 429 2544 cera
452 2480 557 2562 cibus,
584 2502 643 2545 nec
667 2480 752 2565 quod
776 2483 842 2562 [ea]
866 2483 943 2561 mel,
971 2502 1030 2546 nec
1059 2483 1148 2567 quod

133 2571 256 2636 domus.
301 2591 367 2634 non
390 2569 425 2632 in
447 2569 522 2633 favo
546 2590 601 2632 sex
625 2570 752 2653 augulis
776 2569 871 2653 cella,
901 2570 1036 2635 totidem
1066 2574 1148 2655 quot
1161 2591 1188 2632 u

132 2659 231 2722 habet
253 2658 324 2740 ipsa
346 2657 467 2742 pedes?
504 2657 588 2741 quod
608 2660 791 2741 geometrae
809 2658 1002 2742 hexagonon
1021 2658 1093 2723 fieri
1111 2659 1147 2724 in

133 2747 204 2811 orbi
227 2746 368 2810 rutundo
392 2745 576 2823 ostendunt,
607 2749 643 2809 ut
665 2745 840 2828 plurimum
863 2747 927 2811 loci
950 2746 1146 2813 includatur.

132 2834 212 2898 foris
235 2837 421 2918 pascuntur,
444 2834 531 2898 intus
555 2855 636 2915 opus
655 2832 792 2917 faciunt,
816 2835 901 2919 quod
921 2834 1145 2901 dulcissimum

134 2922 219 3005 quod
247 2926 309 3000 est,
338 2925 370 2986 et
397 2922 463 2985 deis
492 2927 525 2986 et
551 2922 738 2988 hominibus
768 2926 818 2987 est
845 2928 1030 3008 acceptum,
1059 2924 1145 3008 quod

134 3057 347 3064 Ι,-.--..-.,..--...----

223 3121 239 3168 6
258 3112 353 3168 darem
377 3111 456 3182 (dare
478 3114 638 3183 apopraphu
660 3114 821 3182 recentiora)
894 3120 909 3168 7
927 3113 1035 3184 ingenii
1053 3115 1146 3185 adque

134 3191 150 3239 9
170 3185 242 3257 arte]
262 3184 365 3238 artium
439 3189 472 3237 10
497 3182 665 3252 meliturgeo
739 3189 772 3238 15
794 3184 865 3239 boos
888 3185 1046 3254 pthimanea
1068 3184 1148 3257 pepi·

135 3274 216 3311 anem
240 3256 316 3309 mina
338 3257 425 3323 tegna
446 3252 522 3308 idem
545 3253 712 3322 hippomens
735 3255 832 3322 piches
849 3271 1001 3324 ganeamor
1020 3257 1149 3312 chondue

134 3326 401 3394 malinsaeeaeapes
438 3331 471 3378 21
487 3325 577 3392 adque
613 3330 649 3378 24
663 3326 737 3392 quod
748 3325 826 3379 cibus
836 3343 901 3380 cers
936 3332 970 3382 2⁵
980 3328 1061 3398 quot]
1072 3327 1150 3394 qood

225 3493 241 3540 6
260 3486 373 3539 daretur
395 3483 511 3539 Ursinus
584 3489 616 3538 11
635 3484 665 3537 id
689 3487 732 3538 est
755 3483 805 3553 qui
829 3487 939 3541 exercet
957 3484 1085 3542 mellaria
1103 3487 1150 3543 da·

135 3557 199 3612 levit
217 3557 363 3611 Iucundos
436 3560 469 3609 15
488 3553 690 3624 πεπλανημένα
709 3555 832 3626 Scolipcr
