2430 3952
55 204 56 207 ‘
92 227 156 290 so
531 226 716 283 vernonis

112 372 328 455 temporibus,
364 393 446 457 quae
480 371 519 436 ad
550 373 627 437 solis
656 373 861 436 circumitum
889 393 1029 437 annuum
1059 373 1129 438 sint
1162 398 1166 409 ’

113 460 281 526 referenda
309 465 341 525 et
369 483 450 544 quse
481 459 521 525 ad
548 463 643 525 lunae
672 466 873 525 menstruum
901 483 1039 526 cursum.
1087 463 1129 528 de

113 551 228 633 primis
252 554 406 635 quattuor
424 551 572 633 partibus
591 551 681 633 prius
701 551 817 632 dicam,
842 549 956 614 deinde
975 551 1128 616 subtilius

115 639 153 702 de
178 642 251 703 octo
276 638 431 703 secundis.
796 636 802 645 ’

74 741 136 800 VI*
203 728 309 812 Igitur
327 728 467 812 primum
487 727 526 792 de
545 729 615 792 solo
634 727 726 792 fundi
745 727 917 791 videndum
936 728 1017 792 hacc
1035 732 1154 811 quat-s

114 819 202 899 tuor,
231 839 294 900 qua
322 817 365 880 sit
392 815 511 897 forma,
540 838 603 899 quo
631 817 665 880 in
693 824 808 901 'genere
831 820 950 898 terrae,
979 822 1129 902 quantus,
1168 836 1171 842 ·

116 927 215 988 quam
247 927 304 987 per
336 927 370 969 se
401 907 501 968 tutus.
547 905 669 969 formae
702 926 774 968 cum
807 906 870 969 duo
906 926 1024 989 genera
1053 906 1130 989 sint,
1166 942 1174 959 ι

115 1015 180 1057 una
204 1016 301 1078 quam
323 998 441 1057 natura
464 993 529 1077 dat,
552 993 655 1058 altera
678 1015 774 1077 quam
796 993 939 1057 sationes
958 995 1130 1078 inponunt,

115 1083 213 1166 prior,
233 1083 319 1165 quod
341 1083 422 1146 alius
438 1103 515 1166 ager
529 1081 610 1145 bene
624 1085 729 1164 natus,
748 1082 831 1146 alius
847 1083 940 1160 male,
958 1084 1130 1166 posterior,

117 1169 204 1253 quod
223 1171 305 1234 alius
324 1170 442 1234 fundus
462 1172 544 1234 bene
563 1170 706 1235 consitus
726 1174 783 1253 est,
804 1172 885 1234 alius
905 1172 997 1254 male,
1021 1171 1129 1243 dicam
1142 1190 1162 1230 a

85 1259 203 1342 2prius
223 1259 261 1322 de
280 1260 431 1323 natuiali.
463 1260 564 1344 igitur
585 1280 656 1323 cum
675 1259 740 1323 tria
760 1280 879 1344 genera
898 1259 964 1323 sint
983 1282 1002 1324 a
1022 1261 1130 1344 specie

116 1347 278 1431 simplicia
297 1368 458 1430 agrorum,
478 1351 666 1430 campestre,
690 1349 853 1429 collinum,
877 1352 1077 1433 montanum,
1098 1353 1131 1414 et

115 1458 154 1500 ex
178 1437 217 1500 iis
241 1436 345 1501 tribus
370 1441 529 1520 quartum,
553 1438 608 1501 ubi
630 1437 665 1500 in
683 1458 749 1500 uno
768 1437 867 1500 fundo
886 1437 967 1501 haec
987 1436 1049 1501 duo
1070 1444 1129 1503 aut

115 1525 178 1589 tria
202 1529 285 1609 sunt,
308 1529 346 1589 ut
368 1526 480 1589 multis
503 1526 583 1589 locis
607 1526 682 1589 licet
704 1524 821 1608 videre,
845 1546 862 1589 e
883 1526 1000 1609 quibus
1020 1526 1130 1592 tribus

114 1614 254 1698 fastigiis
287 1615 489 1697 simplicibus
518 1615 586 1678 sine
620 1614 717 1677 dubio
750 1613 870 1678 infimis
904 1615 969 1678 alia
1000 1616 1165 1680 culturare

117 1704 223 1787 aptior
237 1725 335 1785 quam
355 1704 497 1786 summis,
517 1703 602 1787 quod
616 1703 696 1767 haec
710 1703 866 1767 calidiora
881 1725 977 1786 quam
993 1725 1132 1786 summa,

116 1792 163 1855 sic
182 1792 320 1874 collinis,
340 1793 425 1875 quod
445 1813 483 1855 ea
501 1792 661 1874 tepidiore
680 1812 777 1875 quam
792 1791 903 1854 infima
917 1796 974 1856 aut
989 1814 1132 1857 summa:

115 1879 195 1943 hacc
219 1885 377 1963 apparent
400 1881 505 1964 magis
528 1881 576 1943 ita
599 1900 669 1943 esse
688 1881 722 1942 in
740 1880 912 1944 latioribus
931 1880 1132 1965 regionibus,

86 1968 278 2052 3simplicia
301 1989 373 2032 cum
397 1973 481 2033 sunt.
523 1968 631 2051 itaque
654 1968 711 2032 ubi
733 1968 792 2032 lati
816 1968 932 2053 campi,
955 1968 1001 2032 ibi
1023 1971 1132 2054 magis

117 2058 241 2138 aestus,
273 2060 307 2121 et
338 2079 376 2121 eo
406 2058 440 2120 in
468 2057 589 2140 Apulia
617 2056 689 2120 loca
717 2057 872 2121 calidiora
899 2079 936 2121 ac
968 2057 1168 2144 graviora,se

117 2151 150 2210 et
172 2146 228 2209 ubi
252 2150 416 2227 montana,
439 2147 535 2210 utin
557 2143 715 2228 Vesuvio,
746 2145 831 2230 quod
855 2145 978 2210 leviora
1001 2149 1033 2209 et
1056 2146 1133 2212 ideo

117 2234 313 2300 salubriora:
350 2236 404 2318 qui
432 2236 544 2299 colunt
573 2233 735 2319 deorsum,
764 2233 869 2319 magis
894 2237 1017 2298 aestate
1040 2235 1133 2301 labo·
1167 2317 1169 2321 ι

115 2327 203 2405 rant,
240 2324 294 2406 qui
327 2345 447 2406 susum,
479 2323 585 2406 magis
617 2323 732 2389 hieme.
781 2344 881 2387 verno
913 2327 1060 2406 tempore
1093 2325 1132 2389 in

115 2413 350 2494 campestribus
383 2413 543 2477 maturius
576 2411 687 2476 eadem
719 2412 778 2475 illa
806 2419 956 2475 seruntur
984 2433 1066 2495 quac
1093 2414 1132 2478 in

117 2501 337 2584 superioribus
361 2504 394 2566 et
417 2502 552 2566 celerius
575 2501 627 2564 hic
651 2522 748 2582 quam
771 2500 837 2564 illic
860 2504 1031 2585 coguntur.
1067 2522 1130 2567 nec
1145 2520 1169 2563 a

114 2611 179 2653 non
195 2611 306 2654 susum
321 2612 417 2674 quam
433 2591 583 2654 deorsum
597 2588 722 2652 tardius
737 2592 887 2652 seruntur
902 2611 939 2653 ac
952 2593 1132 2657 metuntur.

84 2679 273 2762 4quaedam
296 2679 330 2741 in
353 2677 517 2743 montanis
536 2677 714 2761 prolixiora
732 2682 909 2741 nascuntur
929 2699 965 2742 ac
983 2677 1131 2744 firmiora

114 2770 249 2850 propter
272 2767 386 2852 frigus,
409 2771 446 2831 ut
468 2766 593 2830 abietes
617 2787 655 2829 ao
678 2765 820 2849 sappini,
850 2765 913 2850 bic,
937 2766 1023 2859 quod
1045 2767 1130 2851 tepi-

115 2855 215 2939 diora,
238 2856 351 2939 populi
376 2878 413 2919 ac
437 2855 565 2919 salices:
595 2876 705 2918 susum
728 2853 904 2936 fertiliora,
931 2861 969 2919 ut
992 2848 1129 2920 arbutus

115 2966 152 3008 ac
180 2966 329 3027 quercus,
357 2945 524 3026 deorsum,
551 2946 589 3006 ut
616 2963 713 3007 nuces
743 2963 877 3026 graecae
905 2965 943 3008 ac
970 2944 1130 3010 mariscae
1144 2974 1169 3024 so

205 3125 218 3171 1
240 3136 343 3172 annum
428 3124 445 3172 6
464 3118 532 3190 qua]
552 3134 624 3184 quae
714 3123 729 3170 ‘l
748 3133 832 3184 quam
850 3119 1012 3185 persecutus
1031 3120 1131 3186 (quam

114 3191 278 3259 prosecutus
299 3191 371 3256 Pol.)
459 3195 491 3243 13
510 3187 560 3242 ubi
577 3189 608 3241 in
625 3188 694 3258 uno]
714 3186 794 3240 utin
813 3203 845 3241 ec
916 3194 948 3242 14
966 3192 999 3241 ut
1017 3189 1129 3262 multis]

115 3262 165 3315 aut
182 3261 277 3314 multis
350 3258 442 3322 uideri
513 3266 547 3315 28
565 3255 720 3330 tepidiore]
739 3257 849 3313 tediosa
921 3265 955 3314 30
975 3260 1093 3314 deosum

206 3448 217 3493 1
239 3457 362 3494 annuum
384 3454 436 3493 cac
528 3443 542 3491 7
566 3453 615 3507 per
638 3452 668 3490 se
690 3438 769 3492 tutus
794 3437 952 3492 Politiuaus
1045 3443 1078 3492 14
1097 3439 1131 3493 ut

114 3509 211 3565 multis
230 3512 377 3565 Iucundos
453 3507 549 3563 uidere
574 3508 691 3563 Ursinus
767 3513 801 3564 28
820 3507 961 3577 tepidiora
979 3515 1131 3565 correctum

115 3582 146 3635 ia
166 3582 299 3637 Parisino
318 3583 407 3637 codice
