2430 3952
129 183 191 248 148
545 182 730 238 VARRONIS

125 329 212 393 enim
236 328 278 411 id,
300 331 337 391 ut
360 329 458 410 caput
480 327 587 392 molle.
619 327 647 392 si
669 326 750 392 haec
773 327 874 392 herba
893 348 959 391 non
978 332 1037 411 est,
1061 328 1143 393 dan-

125 417 201 482 dum
225 416 383 481 hordeum
407 418 464 479 aut
486 414 686 480 frumentum
711 416 803 481 aliut.
842 437 914 482 eum
938 419 988 480 est
1010 419 1141 501 tempus

96 504 314 589 dfarraginis,
347 503 500 589 dandum,
533 507 571 568 ut
602 505 637 567 in
665 503 728 569 seri
756 504 830 569 dixi.
876 526 948 568 oum
975 504 1143 585 incubant,

126 593 283 658 hordeum
318 593 358 657 iis
388 592 538 656 intritum
568 593 602 656 in
635 615 718 676 aqua
753 592 987 675 adponendum.
1041 593 1144 678 pullis

125 682 267 766 primum
291 681 389 746 biduo
412 680 546 764 polenta
569 685 627 745 aut
649 679 807 745 hordeum
831 681 1013 765 adponitur,
1036 682 1143 748 tribur
1169 704 1183 746 s

126 771 282 854 proximis
315 769 511 834 nasturtium
543 769 644 834 viride
672 772 858 833 consectum
885 769 1073 834 minutatim
1103 792 1143 836 ex

127 881 212 943 aqua
234 859 269 922 in
291 880 350 923 vas
371 857 510 942 aliquod.
538 879 610 923 cum
630 861 738 921 autem
758 861 833 921 sunt
855 858 973 922 inclusi
990 858 1025 922 in
1042 860 1142 924 haras
1173 870 1180 887 '

127 952 183 1012 aut
211 947 393 1031 speluncae,
421 950 458 1010 ut
481 945 560 1028 dixi,
587 946 702 1023 viceni,
733 945 879 1010 obiciunt
907 946 949 1010 iis
971 947 1142 1030 polentam

125 1036 338 1101 hordeaceam
353 1037 410 1099 aut
423 1033 620 1118 farraginem
638 1034 812 1098 herbamve
830 1037 977 1098 teneram
996 1035 1140 1119 aliquam

96 1124 295 1190 leoncisam.
342 1121 382 1187 ad
410 1121 624 1206 saginandum
652 1123 776 1206 eligunt
802 1122 909 1206 pullos
937 1123 1067 1188 circiter
1091 1145 1140 1190 se·
1155 1145 1180 1186 ro

125 1213 341 1296 squimensem
364 1210 418 1293 qui
443 1214 519 1274 sunt
541 1210 624 1274 nati:
647 1232 703 1275 eos
726 1210 895 1275 includunt
918 1211 953 1274 in
974 1212 1139 1297 saginatio

125 1301 234 1384 ibique
270 1300 437 1381 polentam
475 1301 507 1362 et
538 1298 694 1382 pollinem
727 1321 812 1383 aqua
844 1298 1028 1364 madefacta
1060 1300 1142 1366 dant

125 1389 243 1465 cibum,
266 1387 313 1451 ita
336 1391 373 1451 ut
394 1390 445 1451 ter
464 1387 515 1451 die
535 1390 690 1452 saturent.
727 1387 903 1452 secundum
921 1388 1028 1452 cibum
1046 1389 1139 1475 large

125 1482 162 1542 ut
184 1475 299 1541 bibant
320 1475 445 1540 faciunt
468 1479 676 1558 potestatem.
712 1475 759 1540 sic
782 1476 886 1539 curati
909 1475 1036 1540 circiter
1059 1478 1139 1542 duo-

125 1565 186 1630 bus
215 1565 379 1629 mensibus
406 1564 489 1628 fiunt
516 1565 662 1647 pingues,
713 1564 1000 1648 quotienscumque
1031 1587 1140 1650 sump-
1155 1585 1180 1628 u

126 1656 247 1737 serunt,
268 1653 358 1718 locus
383 1654 467 1718 solet
489 1653 631 1737 purgari,
654 1651 740 1736 quod
760 1653 877 1736 [ipsae]
899 1656 1010 1717 amant
1029 1655 1138 1719 locum

125 1765 242 1826 purum
261 1763 364 1826 neque
383 1741 446 1825 ipsi
464 1741 578 1824 ullum,
600 1741 656 1805 ubi
674 1740 815 1825 fuerunt,
833 1740 993 1806 relincunt
1010 1764 1140 1825 purum.

79 1845 118 1900 xl
217 1830 281 1906 Qui
304 1833 412 1894 autem
434 1830 548 1893 volunt
571 1849 684 1912 greges
705 1828 851 1892 analium
868 1828 988 1893 habere
1009 1851 1046 1895 ae
1065 1852 1139 1896 eon-

128 1920 260 1984 stituere
274 1917 533 2001 nessotrophion,
547 1918 687 2000 primum
701 1916 818 1999 locum,
838 1917 913 2001 quoi
928 1921 978 1983 est
992 1917 1141 2002 facultas,

129 2008 250 2092 eligere
264 2008 394 2089 oportet
408 2005 596 2088 palustrem,
616 2005 701 2089 quod
715 2027 753 2069 eo
769 2007 908 2069 maxime
923 2005 1142 2092 delectantur3
1158 2026 1184 2068 ao

129 2095 158 2158 si
180 2094 214 2158 id
237 2115 313 2176 non,
336 2093 542 2176 potissimum
565 2093 619 2175 ibi,
646 2094 702 2157 ubi
726 2094 768 2158 sit
790 2094 950 2158 naturalis
974 2098 1031 2161 aut
1053 2096 1144 2161 lacus

130 2185 187 2246 aut
216 2186 368 2266 stagnum
396 2184 452 2245 aut
480 2203 577 2245 manu
605 2181 692 2245 facta
719 2182 857 2266 piscina,
890 2204 953 2267 quo
981 2183 1146 2268 pedatim

100 2270 320 2336 2descendere
343 2270 480 2354 possint.
526 2273 674 2354 saeptum
702 2271 805 2334 altum
835 2291 905 2334 esse
930 2274 1067 2356 oportet,
1089 2273 1147 2338 ubi

130 2363 313 2442 versentur,
343 2359 383 2423 ad
405 2359 502 2444 pedes
526 2358 722 2444 quindecim,
756 2362 792 2422 ut
818 2357 946 2423 vidistis
970 2360 1010 2424 ad
1033 2360 1146 2426 villam

132 2447 193 2533 Sei,
217 2448 302 2533 quod
321 2470 386 2512 uno
406 2448 490 2512 ostio
509 2447 686 2511 claudatur.
723 2447 843 2511 circum
861 2450 967 2512 toturn
986 2449 1146 2532 parietem
1160 2466 1186 2510 rs

131 2537 324 2601 intrinsecus
354 2535 483 2618 crepido
510 2536 591 2618 lata,
625 2535 660 2598 in
688 2557 751 2619 qua
781 2536 954 2600 secundum
984 2537 1148 2620 parietem

133 2626 198 2690 sint
230 2629 317 2689 tecta
353 2624 485 2688 cubilia:
523 2628 597 2687 ante
625 2645 664 2687 ea
691 2624 889 2688 vestibulum
917 2646 1027 2690 earum
1054 2647 1146 2691 exaa-

133 2718 267 2797 quatum
287 2713 424 2778 tectorio
443 2733 538 2795 opere
557 2714 711 2775 testaceo.
734 2713 768 2776 in
788 2734 825 2776 eo
842 2717 999 2796 perpetua
1013 2715 1147 2798 canalis,

132 2801 166 2864 in
194 2823 290 2885 quam
319 2805 351 2864 et
379 2801 469 2865 cibus
501 2799 668 2883 inponitur
699 2799 739 2864 iis
775 2803 808 2864 et
838 2800 1015 2866 inmittitur
1047 2823 1146 2887 aqua:

223 2963 236 3009 1
257 2955 325 3011 erba
379 2963 395 3010 3
413 2956 443 3009 in
462 2955 527 3010 serii
545 2955 655 3024 (inserit
672 2958 833 3026 apographa
851 2959 1012 3026 receute'ora)
1062 2963 1078 3012 6
1097 2974 1147 3013 na·

135 3026 268 3081 sturcium
327 3027 449 3081 8uicini
515 3032 547 3081 10
566 3027 755 3094 sesquimense
774 3029 823 3095 qui
841 3032 905 3082 sunt
922 3031 991 3083 natu
1052 3034 1085 3083 13
1103 3031 1148 3084 ter

134 3098 262 3221 dieplper
280 3096 341 3151 dies
424 3103 457 3151 ll
476 3097 543 3169 ipsi]
564 3098 641 3165 ipsae
728 3103 761 3152 19
780 3098 830 3167 qui
847 3099 890 3152 est
975 3104 1009 3153 2⁵
1030 3097 1089 3171 sei]
1110 3099 1147 3154 sit

134 3174 168 3222 25
208 3169 280 3222 ostio
298 3168 382 3237 (ostio
405 3167 443 3238 V)
485 3174 518 3222 27
534 3170 599 3222 sunt
652 3169 698 3240 ea]
714 3185 762 3223 eas
797 3174 831 3223 28
847 3170 951 3224 testato
988 3175 1022 3224 29
1036 3169 1148 3239 inponi·

133 3242 180 3294 tur
198 3239 245 3310 iis]
265 3239 378 3309 ponitur
396 3238 424 3292 in
444 3238 479 3292 iis

225 3388 258 3436 13
281 3383 325 3445 ter
348 3380 393 3435 die
414 3379 562 3436 Columella
585 3380 673 3434 VIII
689 3385 738 3449 14,
763 3386 796 3436 11
871 3388 903 3437 17
929 3382 984 3452 ipsi
1002 3382 1150 3439 quuudus

136 3459 169 3505 19
194 3453 239 3506 cui
258 3453 302 3507 est
323 3454 380 3508 cod.
400 3451 465 3508 Pur.
540 3456 575 3504 24
593 3452 691 3505 uillam
711 3450 757 3506 Sei
776 3454 923 3510 Iucundos
994 3459 1028 3508 27
1048 3452 1105 3509 sint
1122 3471 1151 3510 m

135 3530 169 3577 27
189 3523 254 3578 ante
274 3540 307 3578 ea
325 3525 473 3578 Iucuuduo
544 3527 578 3576 28
596 3523 720 3578 testaceo
738 3539 762 3578 u.
