2430 3952
152 221 174 283 4
561 217 748 274 VARRONIS
1151 288 1153 291 v

152 365 202 429 De
227 364 360 430 canibus
1086 430 1091 438 ,
1208 333 1209 415 l

155 452 190 518 Si
204 457 300 537 prata
315 453 436 517 suntin
450 453 559 534 fundo,
573 474 670 536 pecus
684 474 751 516 non
766 454 825 536 est,
839 450 915 536 quid
930 451 974 515 sit
982 450 1166 516 faciendum
1208 453 1209 470 ¹

153 541 202 606 De
226 545 316 606 muto
340 543 556 606 instrumento

153 629 242 706 Quae
267 633 300 693 et
322 652 386 714 quo
409 630 550 714 quidque
573 629 646 693 loco
670 628 810 693 maxime
834 628 983 711 expediat
1006 649 1111 693 serere

153 717 234 783 Olea
257 719 291 782 in
316 719 404 804 quali
427 740 507 803 agro
532 716 667 782 serenda
690 718 735 780 sit

153 806 259 872 Vinea
283 808 317 871 in
341 829 404 890 quo
429 827 508 893 agro
532 806 667 870 serenda
690 806 734 869 sit

153 893 224 970 Quo
247 895 320 960 loco
344 895 463 960 ridicae
486 896 521 959 in
543 895 638 959 vinea
660 893 718 979 figi
740 893 880 958 debeant

153 983 204 1048 De
227 984 304 1049 solis
329 1005 423 1048 cursu
447 984 508 1065 [in]
533 982 690 1067 discripto
713 981 880 1065 in-partcs
905 982 983 1046 anni
1013 985 1167 1066 quattuor

243 1076 276 1136 et
308 1076 380 1136 octo
413 1075 446 1136 et
478 1071 517 1136 de
549 1072 595 1136 eis
627 1091 705 1153 quoe
737 1092 862 1154 quaque
894 1075 988 1154 parte
1019 1071 1054 1134 in
1086 1091 1167 1157 agro

91 1225 93 1228 ,
244 1160 384 1224 debeant
407 1160 478 1224 fieri
1183 1182 1193 1218 1

110 1277 114 1282 ·
155 1247 320 1324 Quotenos
348 1248 416 1312 dies
444 1248 565 1312 habeat
594 1247 744 1334 quodque
764 1250 895 1331 tempus
919 1248 995 1312 anni
1019 1247 1169 1333 discripti

243 1337 279 1399 in
303 1339 457 1420 quattuor
480 1339 589 1420 partes

155 1424 264 1489 Primo
288 1425 461 1490 intervallo
484 1427 568 1489 inter
591 1424 758 1490 favonium
781 1426 814 1488 et
837 1424 1076 1509 aequinoctium
1098 1447 1169 1491 ver·

156 1536 323 1666 Securlcllln
329 1514 521 1667 queqqaflilep
531 1516 640 1666 13ng
641 1515 776 1666 itlnum
802 1601 1051 1686 aequinoctium,
1081 1603 1194 1687 quod1

246 1695 296 1755 est
325 1689 404 1755 VIH
432 1691 496 1756 kal.
523 1689 668 1775 Apriles,
705 1693 737 1753 et
768 1691 978 1774 vergiliarum
1011 1695 1170 1775 exortum,

246 1781 301 1862 qui
325 1783 374 1843 est
397 1777 444 1843 VI
468 1778 538 1842 idus
562 1777 675 1861 Maias,
699 1799 781 1861 quae
804 1779 873 1841 fieri
897 1781 1046 1863 oporteat

157 1865 266 1930 Tertio
296 1867 468 1931 intervallo
497 1867 581 1929 inter
607 1866 816 1950 'vergiliarum
847 1871 1008 1949 exortum,
1035 1867 1091 1950 qui
1120 1873 1172 1932 est

245 1953 292 2017 VI
313 1954 385 2018 idus
409 1953 525 2037 Maias,
560 1957 593 2019 et
622 1953 812 2036 solstitium,
847 1956 932 2039 quod
960 1960 1010 2020 est
1032 1955 1081 2022 VI
1104 1956 1171 2023 kal.
1206 1928 1209 2048 l

244 2042 355 2126 Iulias,
378 2064 461 2125 quae
484 2042 555 2106 fieri
579 2046 729 2127 oporteat
1183 2065 1209 2105 ao

156 2130 204 2193 De
228 2130 331 2195 vineis
355 2131 492 2194 novellis

156 2218 205 2282 De
228 2219 470 2301 pampinatione

156 2305 269 2382 Qualis
293 2308 337 2371 sit
360 2308 529 2390 capreolus
552 2307 587 2371 in
610 2307 675 2371 vite
773 2348 775 2352 »

156 2395 205 2458 De
228 2396 348 2478 pabulo
373 2398 509 2460 secando

156 2483 206 2546 De
229 2485 426 2568 inrigatione
953 2509 957 2526 ¹
1080 2489 1081 2492 ’
1185 2505 1208 2546 a

157 2571 278 2646 Quarto
298 2573 468 2637 intervallo
487 2573 572 2635 inter
592 2573 783 2653 solstitium,
811 2573 896 2655 quod
916 2576 966 2638 est
984 2573 1089 2644 erVI
1104 2575 1171 2642 kal.

244 2659 345 2724 Iulias
373 2661 408 2724 in
431 2660 506 2726 ad.
529 2659 597 2723 IIII
620 2661 691 2724 idus
715 2661 891 2745 Augustas,
923 2667 956 2725 et
979 2663 1171 2746 caniculam,

246 2770 328 2830 quae
347 2751 396 2811 est
415 2771 454 2812 ex
473 2748 544 2811 ad.
562 2746 611 2811 Ill
629 2748 701 2812 idus
719 2748 886 2833 Augustas
910 2751 944 2815 in
967 2751 1038 2814 ad.
1058 2750 1171 2816 Vkal.

245 2834 413 2919 Octobres,
437 2857 519 2918 quae
543 2837 625 2900 fiant

156 2923 205 2987 De
221 2923 267 2987 eis
282 2946 363 3006 quae
378 2924 442 2987 seri
456 2928 606 3008 oporteat
619 2929 651 2989 et
667 2947 764 3009 quare
783 2927 948 3010 legumina
966 2928 1209 3011 appellatura

157 3011 276 3086 Quinto
304 3013 475 3076 intervallo
504 3013 588 3076 inter
616 3016 809 3099 caniculam,
842 3036 923 3098 quae
953 3020 998 3080 est
1019 3037 1048 3079 a.
1066 3015 1095 3079 d.
1120 3016 1170 3080 III

246 3100 318 3164 idus
345 3101 519 3185 AugustaS,
545 3105 576 3165 et
599 3097 839 3184 aequinoctium
863 3104 1059 3187 autumnale,
1083 3104 1180 3188 quod,

246 3188 394 3257 estad.
418 3188 448 3253 V
471 3189 535 3253 kal.
560 3188 732 3273 OctobreS,
761 3214 843 3275 quae
866 3193 935 3256 fieri
959 3197 1109 3275 oporteat

111 3353 112 3356 Ἴ
160 3274 256 3341 Sexto
275 3278 446 3341 intervallo
466 3278 507 3341 ab
528 3279 731 3361 aequinoctio
752 3281 933 3344 autumnali
953 3303 1057 3345 serere
1077 3303 1171 3366 opor·
1203 3311 1206 3315 ’

247 3484 456 3554 8indescripto
542 3492 657 3555 aquae
676 3503 726 3542 om.
818 3494 852 3543 10
871 3489 972 3545 debeat
1072 3496 1104 3545 11
1125 3493 1173 3546 de·

158 3555 257 3626 mm
330 3556 480 3627 wfflm
552 3561 717 3633 mmm
1090 3582 1098 3595 ⁶
