2430 3952
298 202 428 259 RERVM
445 202 680 258 RVSTICARVM
699 203 764 260 LIB.
779 204 792 256 Ι
807 211 911 259 10-13
1067 206 1109 267 41

100 350 251 432 oportere
281 369 360 412 vasa
391 348 568 413 torcularia
599 349 760 413 instructa
788 350 887 428 trina,
920 350 1008 414 dolia
1040 372 1112 414 cum

100 437 261 521 operculis
294 437 470 501 culleorum
506 438 778 520 octingentorum,
811 438 953 502 acinaria
984 439 1112 522 viginti,

98 526 315 591 frumentaria
337 525 464 610 viginti,
487 526 568 590 item
592 527 659 589 eius
684 527 772 590 modi
793 527 866 590 8118.
904 548 985 610 quae
1005 528 1111 590 minus

98 615 205 681 multa
231 614 362 699 quidem
390 613 460 694 alii,
493 615 549 678 sed
575 617 705 679 tantum
735 636 904 679 numerum
935 615 1112 699 culleorum

68 702 270 788 ascripsisse
288 706 377 787 puto,
394 724 436 767 ne
455 707 624 787 cogeretur
643 704 816 787 quotannis
835 705 973 768 vendere
992 705 1112 768 vinum.

96 795 210 856 vetera
231 791 319 855 enirn
342 813 440 875 quam
463 813 549 855 nova
576 796 608 856 et
633 792 744 855 eadem
763 793 828 856 alio
847 795 994 876 tempore
1014 814 1112 875 quam

98 880 163 945 alio
182 880 297 964 pluris.
328 879 408 944 item
426 881 473 944 sic
489 880 528 943 do
542 879 809 944 ferramentorum
825 881 984 945 varietate
998 881 1143 946 scribit5

97 969 270 1052 permulta,
293 971 328 1033 et
350 989 468 1052 genere
487 973 520 1033 et
538 969 745 1033 multitudine
764 991 828 1052 qua
848 971 923 1051 sint,
946 973 983 1033 ut
1002 970 1110 1048 falces,

97 1058 207 1141 palas,
238 1062 377 1140 rastros,
409 1058 455 1122 818
489 1056 566 1140 8118,
603 1078 738 1141 quorum
771 1080 837 1121 non
868 1058 960 1122 nulla
992 1079 1112 1142 genera

55 1173 83 1213 ro
98 1146 224 1231 species
256 1145 379 1210 habent
412 1145 535 1228 plures,
566 1149 604 1213 ut
635 1146 743 1210 falces.
789 1169 866 1210 nam
890 1147 1042 1212 dicuntur
1070 1146 1112 1209 ab

98 1232 214 1300 eodem
236 1233 392 1317 scriptore
410 1235 588 1298 vineaticae
610 1256 691 1318 opus
716 1257 786 1299 csse
805 1253 862 1317 xn,
889 1237 1061 1320 sirpiculae
1080 1253 1112 1317 v,

97 1323 286 1389 arborariae
299 1340 348 1405 111,
366 1322 526 1386 rustariao
541 1341 573 1387 x.
603 1321 667 1386 Hic
686 1323 774 1387 haec.
803 1329 837 1387 at
851 1324 972 1406 Scrofa,
987 1323 1107 1388 Instru·
1123 1333 1141 1389 6

96 1414 245 1475 mentum
269 1415 302 1475 et
324 1410 558 1494 supellectilem
582 1413 737 1476 rusticam
757 1434 885 1476 omnem
905 1418 1036 1495 oportet
1054 1412 1111 1474 ha-

97 1502 176 1565 bere
195 1499 352 1584 scriptam
369 1500 404 1563 in
422 1501 502 1564 urbe
517 1505 550 1563 et
568 1521 641 1563 rure
656 1501 832 1583 dominum,
852 1501 981 1564 vilicum
1000 1505 1112 1564 contra

54 1612 82 1654 ro
97 1611 138 1653 88
160 1589 228 1653 ruri
252 1587 363 1652 omnia
385 1592 473 1652 certo
493 1609 550 1652 suo
574 1608 700 1671 quoque
723 1589 795 1652 loco
820 1589 861 1652 ad
881 1588 992 1652 villam
1013 1588 1110 1668 [esse]

96 1677 223 1763 posita,
246 1698 328 1761 quae
346 1698 413 1741 non
430 1683 569 1759 possunt
587 1699 657 1741 esse
677 1677 736 1740 sub
751 1677 842 1757 clavi,
861 1698 957 1759 quam
974 1678 1111 1740 maxime

96 1768 206 1831 facere
229 1769 268 1829 ut
290 1766 358 1829 sint
380 1765 416 1829 in
435 1768 610 1848 conspectu
629 1769 767 1848 oportet,
792 1786 829 1828 eo
849 1765 953 1849 magis
973 1784 1113 1849 eaquae

96 1856 132 1919 in
159 1854 283 1919 rariore
311 1857 387 1918 sunt
414 1875 488 1937 usu,
514 1857 552 1918 ut
579 1854 696 1938 quibus
724 1855 757 1916 in
786 1854 949 1918 vindemia
976 1858 1113 1917 utuntur

99 1944 162 2024 [et]
191 1943 356 2026 corbulae,
390 1943 449 2022 [et]
484 1943 530 2006 sic
560 1943 633 2006 8118.
680 1964 763 2026 quae
795 1944 882 2006 enim
914 1965 966 2006 res
996 1942 1113 2007 cotidie

51 2056 81 2096 ro
96 2032 260 2109 videntur,
284 2033 392 2095 minus
415 2034 564 2095 metuunt
587 2030 700 2095 furem.

189 2117 333 2203 Suscipit
351 2120 521 2202 Agrasius,
538 2119 583 2182 Et
601 2120 756 2202 quoniam
774 2120 933 2184 habemus
951 2120 1009 2183 1118
1026 2119 1088 2182 (188
1099 2131 1191 2185 XXIII

95 2208 206 2292 prima
233 2230 272 2272 ex
300 2207 460 2272 divisione
484 2207 731 2291 quadripertita,
760 2208 799 2272 de
821 2209 923 2273 fundo
949 2208 1042 2273 etde
1066 2209 1114 2269 in-

97 2301 295 2379 strumente,
328 2318 392 2381 quo
425 2296 489 2360 coli
522 2297 618 2380 solet,
652 2297 690 2360 de
718 2298 817 2360 tertia
848 2302 941 2379 parte
970 2301 1113 2379 expecto.

97 2384 227 2470 Scrofa,
252 2384 412 2462 Quoniam
435 2385 591 2467 fructum,
616 2385 736 2469 inquit,
764 2384 907 2449 arbitror
929 2406 1000 2448 esse
1024 2383 1114 2446 fundi

51 2496 81 2538 25
97 2496 173 2540 eum
201 2473 257 2558 qui
281 2495 320 2538 ex
344 2495 382 2538 eo
403 2476 495 2540 satus
524 2473 671 2537 nascitur
694 2473 784 2537 811118
809 2473 849 2536 ad
873 2473 1015 2556 aliquam
1038 2493 1115 2552 rem,

97 2562 163 2628 duo
187 2562 434 2645 consideranda,
464 2583 546 2644 quae
570 2564 604 2625 et
628 2583 690 2645 quo
715 2561 854 2645 quidque
877 2562 950 2625 loco
974 2559 1114 2623 maxime

97 2651 251 2734 expediat
283 2671 399 2715 serere.
455 2650 520 2713 alia
553 2651 639 2714 enim
675 2652 747 2714 loca
781 2650 932 2734 adposita
965 2653 1041 2714 suut
1074 2646 1115 2710 ad

95 2741 245 2823 faenum,
274 2740 339 2803 8118
368 2739 407 2802 ad
435 2738 648 2821 frumentum,
677 2739 740 2802 8118
763 2738 803 2801 ad
831 2737 956 2816 vinum,
986 2737 1051 2801 alia
1075 2735 1116 2799 ad

96 2829 221 2912 oleum,
254 2828 300 2892 sic
328 2826 370 2892 ad
395 2828 551 2910 pabulum
580 2848 662 2910 quae
695 2827 874 2910 pertinent,
906 2828 940 2890 in
973 2848 1037 2911 quo
1067 2829 1117 2888 est

51 2941 81 2982 eo
97 2917 255 2998 ocimum,
287 2916 433 3000 farrago,
469 2916 566 3000 vicia,
603 2915 739 3000 medica,
771 2918 924 2999 cytisum,
961 2916 1116 3000 lupinum.

192 3081 204 3126 1
226 3072 312 3126 trima
366 3078 382 3126 3
402 3071 539 3125 eiusmodi
558 3071 615 3125 alia
633 3071 770 3140 (eiusdem
788 3073 845 3126 alia
864 3071 890 3125 V
907 3078 933 3126 ct
951 3072 1007 3125 cod.
1023 3069 1115 3133 Flor.)

97 3142 213 3212 5quod
232 3143 314 3197 annis
380 3147 412 3196 11
432 3159 503 3211 opus
522 3158 581 3196 8888
601 3142 795 3210 exisirpiculae
814 3143 839 3195 V
905 3149 938 3196 16
957 3142 1009 3194 881)
1028 3139 1115 3209 clavi]

96 3214 230 3270 subolem
312 3219 344 3268 19
364 3212 535 3267 corbubulae
555 3212 698 3282 (corbulae
721 3212 748 3266 V
762 3219 787 3268 et
801 3215 926 3282 plurima
945 3212 1116 3282 apopruphu,

96 3284 273 3342 corbubulae
296 3284 447 3353 Victorius)
523 3288 558 3338 30
577 3285 713 3352 cytiscum

192 3415 206 3462 1
226 3408 302 3462 trina
319 3425 368 3462 mc
459 3414 490 3461 11
510 3423 580 3476 opus
602 3423 662 3462 8888
681 3407 744 3475 XL,
763 3408 911 3476 sirpiculae
930 3407 955 3459 V
979 3406 1117 3459 Victorius

97 3486 351 3623 {paggglqpaeque
369 3477 432 3532 loco
451 3479 546 3548 posita
567 3478 686 3534 Ursinus
759 3485 791 3532 16
811 3478 861 3532 sub
881 3477 956 3533 81881
974 3493 1022 3532 mo
1081 3480 1116 3529 30
