2430 3952
264 812 503 885 OAPITVLA
529 812 660 884 LIBRI
688 812 825 884 PRIMI

35 987 99 1064 Qui
123 985 237 1052 Graeci
260 985 299 1049 de
322 986 394 1070 agri
417 988 544 1051 cultura
567 986 755 1070 scripserint

35 1075 125 1152 Quae
149 1074 345 1160 diiungenda
367 1074 433 1139 sint
456 1076 496 1139 ab
522 1076 593 1159 agri
616 1075 743 1139 cultura

33 1163 153 1229 Artem
176 1186 248 1228 esse
271 1163 343 1249 agri
367 1163 529 1228 culturam

10 1252 120 1338 cAgri
143 1253 288 1317 culturae
312 1252 396 1335 quod
421 1252 465 1315 sit
487 1252 619 1315 initium
643 1255 676 1314 et
700 1251 772 1334 quis
796 1250 870 1316 finis

33 1340 124 1417 Quot
146 1345 257 1425 partes
280 1339 401 1404 habeat
423 1340 763 1422 disciplina'culturae
789 1340 860 1425 agri

32 1430 83 1494 De
107 1429 178 1494 solo
201 1429 294 1492 fundi
316 1450 398 1512 quae
422 1430 488 1494 sint
510 1428 648 1493 videnda
723 1485 727 1493 .
774 1490 779 1498 ,

33 1518 97 1595 Qui
121 1518 166 1582 sit
189 1538 267 1603 ager
289 1521 441 1600 optumus
465 1521 497 1581 et
520 1517 592 1600 quis
616 1518 718 1581 abeo
742 1516 911 1600 proximus
936 1518 969 1578 et
993 1515 1048 1598 qui

124 1606 275 1689 deinceps

10 1695 85 1759 cDe
109 1694 212 1759 vineis

33 1781 83 1847 De
106 1781 211 1847 modis
236 1801 389 1865 agrorum

33 1871 212 1936 Heredium
240 1874 273 1934 et
299 1871 442 1935 centuria
469 1873 502 1934 et
530 1871 632 1934 saltus
660 1891 760 1955 quare
785 1870 852 1934 sint
875 1869 928 1933 his
952 1891 1047 1933 voca·

123 1959 210 2023 bulis
234 1959 400 2042 appellata

34 2048 82 2112 De
106 2047 188 2112 villa

10 2136 82 2200 sDe
108 2157 192 2219 aqua
214 2135 310 2200 villae

36 2224 83 2288 De
107 2225 179 2288 loce
202 2228 236 2288 et
258 2223 293 2286 in
317 2246 415 2308 quam
437 2227 565 2306 partem
589 2224 671 2288 caeli
694 2225 773 2288 villa
795 2222 948 2306 ponenda
972 2223 1015 2286 sit

36 2313 84 2376 De
107 2313 205 2376 villae
228 2313 369 2377 rusticae
393 2311 607 2394 descriptione

35 2400 83 2464 De
107 2401 231 2483 saeptis
255 2422 336 2484 quae
360 2400 450 2464 fundi
473 2400 603 2464 tutandi
625 2422 722 2465 causa
745 2400 829 2463 fiunt

35 2487 82 2553 De
105 2489 227 2552 finibus
251 2488 378 2553 tuendis

10 2576 82 2641 cDe
115 2577 162 2641 eis
196 2598 278 2661 quae
310 2581 401 2641 extra
431 2576 568 2641 fundum
601 2576 769 2641 commoda
796 2575 879 2639 fiunt
912 2578 968 2638 aut
1000 2575 1047 2639 in·

124 2665 296 2730 commoda

33 2753 117 2839 Agri
141 2753 258 2838 quibus
281 2755 377 2818 rebus
402 2754 551 2817 colantur

33 2841 81 2906 De
105 2863 241 2906 numero
264 2843 473 2922 rusticorum,
503 2842 652 2926 quotenis
683 2841 790 2925 operis
815 2841 950 2939 quisquc
975 2840 1047 2925 agri

124 2931 239 2994 modus
263 2930 327 2994 coli
349 2930 507 3014 possit

10 3037 21 3078 ⁵
33 3017 155 3172 3ηοὶ
145 3020 232 3171 nugis
257 3019 355 3083 boum
379 3019 514 3102 quisque
538 3019 608 3102 agri
632 3018 747 3082 modus
771 3017 836 3082 coli
858 3017 963 3100 possit
1034 3002 1046 3014 ⁸

65 3129 211 3171 euus
339 3126 343 3133 ·

124 3286 138 3333 1
158 3280 291 3334 Varronis
310 3281 413 3335 Rerum
431 3279 608 3334 Raeticarum
632 3279 666 3333 de
689 3277 862 3348 agricultura
884 3279 957 3333 liber
974 3277 1014 3331 I'
1006 3296 1047 3331 m-

34 3350 257 3492 iffidufdtiitiddt
276 3351 340 3504 {tii
341 3350 552 3544 ‚giddticpopa
571 3357 597 3476 it
607 3350 779 3504 iidie
752 3349 823 3404 dimi
782 3347 995 3490 Ouiitaefidiit
996 3364 1047 3488 ulia

33 3497 67 3546 23
87 3492 219 3562 quotiens
239 3493 330 3563 operis
412 3498 446 3548 25
467 3491 548 3558 cuod
566 3491 640 3561 iugis

646 3611 650 3620 .
849 3580 885 3631 1*
