2430 3952
149 213 191 276 74
555 211 743 267 VARRONIS

147 357 212 422 nisi
240 357 295 441 qui
318 378 414 441 apros
443 377 510 420 non
537 359 632 440 putat
655 377 727 420 sues
752 354 869 420 vocari.
913 354 1014 420 boves
1037 355 1160 439 perferi

147 447 244 510 etiam
272 467 358 510 nunc
387 449 464 509 sunt
490 445 584 509 multi
614 445 649 508 in
677 442 862 508 Dardanica
892 446 925 506 et
952 442 1101 509 Maedica
1128 448 1162 510 et
1192 493 1194 496 .

81 567 84 572 ·
147 535 299 617 Thracia,
325 532 409 598 asini
430 534 491 597 feri
518 533 553 596 in
576 532 721 617 Phrygia
744 536 777 596 et
799 531 977 615 Lycaonia,
1000 533 1076 616 eqni
1099 533 1162 598 feri

147 624 182 687 in
209 621 370 706 Hispania
392 622 540 687 citeriore
563 621 751 707 regionibus
776 620 909 704 aliquot.

118 721 136 778 6
238 710 347 795 Origo,
366 733 464 795 quam
482 710 561 794 dixi3
581 710 735 796 dignitas,
753 730 852 793 quam
871 707 984 773 dicam.
1017 707 1056 772 de
1077 709 1197 774 anti-s

148 801 219 884 quis
243 799 490 864 inlustrissimus
514 799 650 885 quisque
672 800 787 883 pastor
810 799 889 879 erat,
911 801 948 860 ut
966 797 1110 862 ostendit
1128 802 1163 863 et

148 908 264 971 graeca
296 892 328 953 et
357 887 461 952 latina
490 887 603 971 lingua
633 891 666 950 et
687 889 812 951 veteres
839 888 971 970 poetae,
997 885 1054 969 qui
1078 885 1162 952 alios

147 979 266 1040 vocant
295 976 481 1060 polyarnas,
512 976 594 1040 alios
625 975 823 1059 polymelos,
859 973 939 1038 alios
969 973 1162 1059 polybutas3

149 1065 204 1148 qui
231 1066 320 1147 ipsas
347 1065 485 1149 pecudes
513 1067 646 1148 propter
670 1064 840 1128 caritatem
863 1083 977 1127 aureas
1005 1062 1162 1130 babuisse

147 1153 247 1236 pelles
262 1152 473 1236 tradiderunt,
492 1156 529 1216 ut
542 1151 650 1236 Argis,
671 1152 789 1216 Atreus
805 1172 902 1234 quam
917 1150 980 1216 sibi
994 1149 1162 1234 Thyesten
1176 1175 1198 1215 a

148 1240 292 1305 subduxe
315 1241 473 1326 queritur,
496 1245 534 1305 ut
556 1241 591 1304 in
610 1237 762 1305 Colchide
781 1241 825 1303 ad
841 1238 988 1322 Aeetam,
1009 1239 1161 1305 adonius

148 1329 258 1393 arietis
291 1330 409 1414 pellem
439 1328 575 1411 profecti
604 1329 694 1412 regio
726 1348 842 1413 genere
873 1327 1025 1391 dicuntur
1054 1325 1161 1413 Argo·

147 1419 280 1500 nautae,
304 1421 341 1480 ut
364 1418 397 1481 in
417 1417 524 1502 Libya
547 1416 588 1480 ad
605 1415 813 1502 Hesperidas,
836 1415 921 1481 unde
945 1436 1043 1480 aurea
1064 1416 1163 1500 mala,

148 1505 181 1568 id
209 1509 258 1570 est
286 1506 461 1570 secundum
495 1507 660 1588 antiquam
690 1504 957 1570 consuetudinem
983 1525 1100 1588 capras
1128 1510 1162 1570 et

147 1615 234 1679 oves,
259 1597 366 1678 [quas]
390 1593 547 1658 Hercules
570 1616 608 1658 ex
629 1593 740 1658 Africa
762 1593 797 1657 in
820 1591 988 1659 Graeciam
1011 1596 1161 1677 exporta-
1174 1615 1197 1658 ra

147 1683 204 1748 rit.
245 1705 299 1748 eas
330 1682 416 1747 enim
441 1704 462 1746 u
488 1705 546 1747 sua
574 1704 653 1747 voce
684 1680 799 1746 Graeci
830 1681 1036 1764 appellarunt
1065 1682 1160 1747 mela

117 1781 206 1836 ‘tneo
233 1772 335 1836 multo
365 1792 456 1835 secus
485 1771 589 1836 nostri
618 1771 658 1836 ab
687 1770 799 1834 eadem
826 1791 920 1853 voce,
950 1769 1006 1834 sed
1029 1768 1072 1834 ab
1096 1770 1161 1836 alia

146 1860 257 1923 littera
286 1858 364 1945 (vox
391 1881 502 1923 earum
530 1881 597 1924 non
620 1881 685 1943 me,
716 1859 771 1924 sed
799 1858 839 1922 be
869 1878 984 1923 sonare
1008 1856 1162 1944 videtur),

147 1968 223 2013 oves
259 1947 300 2011 be
330 1948 416 2011 alare
451 1968 562 2012 vocem
593 1947 761 2011 efferentes
791 1947 915 2030 dieunt,
946 1967 1050 2031 equo
1084 1950 1161 2031 post

146 2034 258 2099 balare
288 2036 406 2099 extrita
439 2035 561 2118 littera,
593 2038 630 2099 ut
658 2035 693 2098 in
723 2035 844 2099 multis.
896 2034 981 2118 quod
1011 2034 1039 2098 si
1069 2035 1157 2119 apud
1170 2057 1195 2098 ao

147 2125 298 2207 antiquos
326 2145 391 2188 non
415 2143 551 2206 magnae
576 2123 744 2208 dignitatis
772 2144 869 2208 pecus
893 2125 986 2202 esset,
1009 2122 1044 2186 in
1067 2124 1159 2189 caelo

147 2211 356 2277 describendo
381 2213 539 2296 astrologi
562 2234 629 2277 non
648 2213 871 2297 appellassent
888 2233 1000 2277 eorum
1018 2212 1160 2278 vocabu·

146 2300 187 2363 lis
212 2301 316 2385 signa,
340 2322 423 2384 quae
446 2322 514 2365 non
536 2301 632 2367 modo
656 2323 723 2366 non
742 2301 932 2365 dubitarunt
950 2305 1081 2383 ponere,
1102 2301 1160 2366 sed

147 2388 244 2453 etiam
260 2389 300 2454 ab
315 2389 355 2454 iis
369 2389 569 2473 principibus
584 2390 751 2455 duodecim
767 2391 861 2474 signa
870 2388 966 2452 multi
975 2392 1160 2474 numerant,

147 2477 189 2541 ab
217 2479 315 2541 ariete
344 2481 377 2542 et
402 2481 511 2562 tauro,
540 2500 613 2544 cum
636 2500 674 2544 ea
697 2480 934 2562 praeponerent
956 2475 1103 2561 Apollini
1126 2482 1197 2543 stu

147 2564 289 2630 Herculi.
342 2566 365 2631 ii
394 2567 480 2631 enim
513 2566 563 2630 dei
596 2588 634 2630 ea
666 2571 832 2649 secuntur,
864 2565 921 2630 sed
952 2565 1161 2649 appellantur

116 2651 285 2719 8Gemini.
320 2676 380 2718 nec
400 2655 478 2719 satis
497 2657 654 2739 putarunt
668 2655 707 2718 de
722 2654 891 2720 duodecim
910 2653 1013 2738 signis
1031 2658 1160 2720 sextam

237 2831 250 2879 1
270 2829 352 2895 putat
371 2828 485 2896 (putant
507 2826 535 2881 V
548 2835 573 2884 et
594 2829 730 2883 nonnula
748 2829 919 2900 apographa)
983 2879 985 2882 ,
1011 2827 1160 2884 amedica

146 2903 162 2950 3
181 2897 334 2969 Lycaonia]
361 2897 481 2951 chaonia
551 2904 569 2951 4
588 2897 618 2952 in
641 2897 786 2967 hispaniae
876 2905 892 2954 5
911 2897 1016 2972 dicam]
1036 2897 1160 2953 dixicam

146 2973 162 3021 8
181 2967 313 3036 polyrnas
332 2967 492 3037 (polyarnas
516 2970 555 3037 V)
664 2975 679 3023 9
699 2970 775 3039 quod
792 2969 868 3038 ipsas
982 2974 1015 3023 10
1034 2967 1160 3025 thiesten

148 3044 179 3090 11
200 3039 236 3092 ad
253 3036 389 3164 Aeetam}J
405 3040 498 3094 actam
554 3045 587 3095 13
606 3039 708 3111 Libya]
727 3039 799 3095 libro
855 3046 888 3094 16
908 3040 968 3111 eas]
988 3055 1023 3094 aa
1075 3056 1158 3096 som.

145 3123 245 3233 gpaecp
278 3114 364 3234 ruiis
390 3110 514 3182 calare]
532 3111 629 3165 balare
701 3110 881 3166 efferentese
901 3127 956 3180 quo
976 3111 1042 3180 post
1059 3110 1159 3166 balare

165 3195 229 3232 rcun
262 3195 277 3232 e

234 3343 250 3391 3
270 3339 411 3407 Lycaonia
429 3340 543 3395 Plinius
560 3345 617 3395 nat.
635 3341 698 3396 niu.
723 3340 813 3394 VIII
829 3343 883 3395 175
937 3345 954 3394 4
972 3338 1001 3393 in
1020 3339 1160 3408 Hispania

143 3426 191 3464 mo
208 3415 236 3464 at
253 3413 310 3466 cod.
331 3410 411 3466 Flor.
502 3411 586 3479 equi
605 3411 717 3479 ipsane
809 3415 840 3464 11
860 3409 891 3464 in
914 3408 1048 3467 Colchide
1066 3410 1158 3466 Aeeta

148 3480 286 3536 Victorius
377 3485 409 3535 13
428 3480 551 3550 Libyae
641 3486 674 3536 15
692 3497 763 3550 quas
780 3481 894 3538 inclusit
914 3481 1049 3538 cauae
1123 3486 1158 3536 le

144 3565 191 3605 aas
210 3551 284 3606 enim
303 3567 321 3606 a
337 3569 387 3607 sua
405 3567 474 3606 uoce
498 3551 615 3608 Ursinus
686 3551 786 3607 Graeci
802 3569 819 3607 o
