2430 3952
307 225 447 287 'RERVM
465 231 705 287 RVSTIOARVM
723 230 789 285 LlB.
809 230 848 284 Ill
868 237 923 285 17.
1048 228 1111 296 165

98 380 268 444 familiaris
289 382 406 457 noster,
430 400 501 441 cum
519 377 661 461 piscinas
684 376 819 440 haberet
838 398 959 462 magna
978 378 1113 460 pecunia

100 469 285 533 aedificatas
319 467 358 530 ad
387 466 519 550 Baulos,
551 467 599 529 ita
631 486 726 549 saepe
759 487 831 529 cum
860 487 897 530 eo
931 466 969 528 ad
999 466 1112 529 villam

98 558 161 641 fui,
189 558 339 621 utillum
364 557 464 619 sciam
489 575 615 636 semper
638 555 672 616 in
697 574 809 617 cenam
832 555 935 637 pisces
960 553 1111 618 Puteolos

99 647 226 710 mittere
255 648 398 726 emptum
426 642 568 707 solitum.
615 664 718 725 neque
747 643 825 705 satis
854 647 923 707 erat
952 664 1024 706 eum
1047 653 1142 709 nonss

71 735 189 818 spasci
212 756 229 797 e
252 733 395 817 piscinis,
419 731 483 795 nisi
506 733 604 796 etiam
627 731 697 814 ipse
722 752 776 795 eos
800 735 947 814 pasceret
966 733 1052 796 ultro
1074 754 1111 796 ac

101 824 255 887 maiorem
284 843 391 886 curam
418 821 480 884 sibi
502 820 652 904 haberet,
679 841 719 883 ne
743 819 811 884 eius
836 821 995 884 esurirent
1018 822 1113 886 mulli

101 912 225 994 [asini],
254 933 349 994 quam
379 930 438 994 ego
466 910 586 993 habeo,
613 931 654 972 ne
682 909 746 972 mei
773 908 808 971 in
832 908 937 973 Rosea
968 910 1113 974 esuriant

101 1000 201 1083 asini,
228 1000 410 1083 etquidem
434 1002 571 1081 utraque
594 1019 641 1080 re,
666 1000 698 1061 et
721 997 793 1061 cibo
818 1000 850 1061 et
872 998 1015 1081 potione,
1039 1021 1112 1062 cum

99 1111 165 1153 non
184 1089 281 1172 paulo
302 1088 533 1170 sumptuosius,
552 1108 648 1170 quarn
668 1106 737 1170 ega,
760 1086 964 1151 ministraret
982 1088 1112 1152 victum.

59 1199 85 1237 ιο
100 1198 160 1259 ego
190 1177 277 1240 enim
305 1197 370 1240 uno
399 1175 542 1258 servulo,
570 1175 690 1239 hordeo
713 1196 779 1238 non
802 1176 920 1258 multo,
949 1198 1033 1259 aqua
1057 1176 1112 1241 do-

100 1265 235 1329 mestica
267 1286 355 1327 meos
388 1263 635 1327 multinummos
668 1263 719 1327 alo
753 1268 873 1327 asinos:
917 1263 1112 1329 Hortensius

100 1354 240 1436 primum
259 1353 314 1436 qui
333 1351 557 1415 ministrarent
573 1352 751 1434 piscatores
770 1352 913 1416 habebat
932 1354 1112 1436 conplures,

101 1447 132 1504 et
156 1442 185 1504 ei
208 1440 379 1524 pisciculos
404 1441 546 1503 minutos
571 1440 767 1524 adgerebant
790 1440 990 1525 frequenter,
1014 1443 1068 1525 qui
1092 1463 1113 1505 1

100 1530 276 1594 maioribus
300 1530 555 1594 absumerentur.
595 1533 763 1611 praeterea
787 1530 1056 1593 salsamentorum
1079 1531 1142 1596 1117

59 1640 85 1679 15
100 1642 153 1683 eas
177 1619 320 1703 piscinas
345 1621 489 1701 emptum
513 1617 681 1701 coiciebat,
703 1639 776 1681 cum
800 1640 887 1681 mare
910 1620 1057 1682 turbaret
1077 1641 1112 1682 ac

99 1730 155 1790 per
184 1711 412 1790 tempestatem
439 1707 610 1770 macellum
638 1706 836 1789 piscinarum
868 1708 983 1787 [mare]
1019 1708 1112 1771 obso-

99 1798 189 1859 nium
225 1795 396 1880 praeberet
436 1816 539 1878 neque
576 1795 753 1860 everriculo
792 1797 826 1858 in
864 1797 941 1858 litus
981 1796 1113 1860 educere

99 1889 234 1966 possent
261 1885 368 1948 vivam
398 1885 559 1968 saginam,
583 1884 728 1966 plebeiae
752 1906 849 1949 cenae
872 1884 979 1967 piscis.
1025 1883 1112 1948 Cele-

98 1975 165 2036 rius
199 1973 364 2038 voluntate
394 1972 551 2037 Hortensi
583 1994 621 2037 ex
654 1972 752 2057 equili
782 1973 931 2038 educeres
959 1971 1113 2054 redarias,

59 2066 136 2124 aaut
167 2062 228 2123 tibi
260 2060 412 2143 haberes,
444 2062 566 2144 mulas,
604 2084 701 2144 quam
733 2084 750 2127 e
782 2063 909 2147 piscina
941 2062 1112 2126 barbatum

100 2149 246 2212 mullum.
284 2147 402 2231 Atque,
424 2148 477 2210 ille
496 2149 610 2232 inquit,
633 2172 699 2212 non
723 2150 829 2214 minor
852 2173 929 2215 cura
953 2156 1022 2214 erat
1045 2152 1142 2214 eius8

101 2238 139 2300 de
159 2236 301 2320 aegrotis
320 2235 474 2318 piscibus,
496 2237 650 2319 quamde
670 2237 777 2301 minus
796 2239 978 2302 valentibus
1003 2240 1113 2303 servis.

100 2326 210 2407 itaque
234 2326 339 2388 minus
363 2324 536 2388 laborabat
558 2347 598 2388 ne
622 2347 732 2389 servos
757 2346 853 2407 aeger
877 2347 993 2409 aquam
1022 2326 1112 2410 frigi-

101 2414 184 2497 dam,
203 2434 297 2494 quum
311 2417 346 2477 ut
359 2433 427 2477 eum
445 2417 606 2478 recentem
624 2414 773 2478 biberent
787 2414 836 2478 sui
851 2414 965 2496 pisces.
995 2415 1113 2477 etenim

60 2523 85 2563 25
100 2502 161 2566 hac
188 2503 312 2567 incuria
342 2503 489 2567 laborare
518 2501 628 2567 aiebat
650 2502 693 2568 M.
712 2501 882 2567 Lucullum
914 2525 951 2566 ac
974 2503 1113 2585 piscinas

100 2592 168 2655 eius
198 2590 410 2674 despiciebat,
438 2592 522 2675 quod
552 2591 713 2656 aestuaria
740 2592 859 2657 idonea
882 2613 946 2655 non
970 2591 1114 2675 baberet,

100 2701 137 2743 ac
160 2680 263 2743 reside
288 2702 372 2763 aqua
396 2681 429 2742 in
452 2679 533 2744 locis
556 2680 784 2763 pestilentibus
803 2680 991 2744 habitarent
1009 2682 1112 2763 pisces

100 2769 180 2831 eius:
221 2773 335 2832 contra
363 2768 403 2831 ad
431 2766 604 2852 Neapolim
627 2768 662 2835 L.
686 2767 869 2850 Lucullum,
901 2773 1143 2853 posteaquam9

99 2856 294 2939 perfodisset
321 2862 464 2920 montem
492 2879 530 2921 ac
560 2859 767 2922 maritumum
794 2857 914 2922 flumen
937 2858 1115 2921 inmisisset

189 3048 368 3117 apasccret]
393 3064 507 3117 pascere
585 3048 694 3102 6muli
775 3056 807 3103 11
832 3049 915 3104 multi
938 3049 1113 3102 numincsalo

103 3125 134 3172 13
154 3135 171 3170 a
189 3137 238 3173 om.
307 3126 337 3173 17
358 3119 498 3173 euericulo
564 3124 596 3172 18
615 3120 741 3174 sabinam
803 3127 836 3175 21
857 3119 988 3189 mullum]
1006 3118 1114 3172 mulum

101 3189 250 3256 alioquid
296 3196 330 3244 23
349 3188 481 3257 frigidam
496 3195 636 3245 recentem
678 3195 712 3244 15
731 3191 796 3263 hac]
816 3209 848 3246 ac
893 3191 996 3259 agebat
1015 3207 1050 3243 m.
1072 3190 1114 3242 lu-

101 3259 168 3312 culli
240 3265 274 3312 26
293 3262 443 3315 aestiuaria
511 3266 545 3314 28
564 3261 661 3315 luculli

190 3445 205 3491 5
231 3440 361 3506 pasceret
382 3455 398 3492 1
479 3445 495 3493 6
523 3438 660 3493 esurirent
683 3438 764 3492 mulli
787 3456 872 3506 quam
897 3455 949 3508 ego
970 3439 1115 3494 Iracundus

101 3516 132 3562 11
153 3509 237 3563 multi
255 3524 383 3578 nummos
402 3509 482 3564 aloa
538 3515 570 3562 13
590 3526 607 3562 a
626 3510 778 3564 maioribus
796 3527 811 3562 v
868 3515 900 3563 18
920 3509 1048 3578 saginam
1062 3510 1116 3564 Iu-

101 3581 207 3635 euudus
279 3584 313 3632 25
333 3580 427 3634 aiebat
445 3581 481 3635 Μ,
501 3580 671 3635 Luculumv
743 3586 777 3633 16
796 3579 939 3635 aestuaria
961 3581 1079 3637 Ursinus
