2430 3952
148 215 192 278 52
566 213 752 269 VARRONIS

151 363 236 424 stare
265 381 304 423 ex
332 359 462 423 aviariis
490 359 659 423 turdorum
688 382 725 424 ac
752 360 965 441 merularum,
989 359 1075 441 quod
1098 381 1169 424 non

151 449 257 512 solum
281 448 322 512 ad
346 469 461 532 agrum
484 448 575 531 utile,
599 448 776 512 sedetiam
801 448 842 512 ad
866 448 973 512 cibum
992 448 1040 510 ita
1058 447 1167 513 bubus

151 559 188 602 ac
212 538 325 615 subus,
353 541 391 600 ut
417 537 499 600 fiant
526 537 675 622 pingues.
721 537 831 620 itaque
860 536 915 619 qui
945 535 1070 600 aviaria
1093 558 1169 601 con·

151 625 282 710 ducunt,
306 627 333 689 si
356 630 450 690 cavet
474 626 622 690 dominus
636 630 769 690 ¹stercus
794 630 831 689 ut
851 625 886 688 in
906 623 1006 688 fundo
1026 631 1169 710 maneat,

150 714 285 779 minoris
304 715 497 798 conducunt,
516 736 612 797 quam
630 715 654 778 ii
673 714 789 798 quibus
808 713 841 777 id
863 712 995 779 accedit.
1033 711 1169 780 Cassius
1193 737 1205 777 s

152 803 327 868 secundum
346 803 568 867 columbinum
588 803 703 869 scribit
722 824 791 867 esse
814 802 966 884 hominis,
992 802 1091 866 tertio
1117 825 1168 868 oa·

123 892 283 976 3prinum
298 895 331 956 ct
345 892 479 956 ovillum
494 896 526 955 et
541 892 711 975 asininum,
726 891 858 955 minime
872 890 1169 976 bonumequinum,

154 980 210 1045 sed
233 982 267 1044 in
291 984 432 1065 segetes:
455 980 489 1042 in
508 983 604 1065 prata
622 981 708 1044 enim
728 982 779 1045 vel
799 980 967 1063 optimum,
990 983 1027 1043 ut
1046 984 1168 1044 cetera·

151 1092 223 1134 rum
238 1070 464 1151 veterinarum,
484 1090 566 1151 quae
584 1068 706 1133 hordeo
724 1071 910 1152 pascuntur,
929 1066 1015 1151 quod
1029 1069 1169 1132 multam

150 1157 233 1221 facit
263 1157 408 1223 herbam.
469 1157 669 1221 stercilinum
702 1157 876 1221 secundum
908 1156 1021 1220 villam
1060 1157 1206 1222 facerem

153 1249 291 1328 oportet,
316 1249 473 1329 utquam
497 1246 702 1327 paucissimis
727 1246 832 1328 operis
857 1246 1030 1328 egeratur(
1062 1246 1096 1310 in
1121 1267 1170 1328 eo,

153 1336 181 1398 si
200 1335 234 1397 in
254 1334 359 1398 medio
377 1334 512 1398 robusta
532 1335 640 1417 aliqua
658 1335 796 1399 materia
815 1335 859 1398 sit
877 1334 1023 1417 depacta,
1046 1339 1170 1418 negant

154 1426 339 1506 serpentem
362 1423 461 1486 nasei.

80 1526 198 1580 XXXIX
243 1510 386 1576 Sationis
410 1514 519 1574 autem
543 1511 662 1595 gradus
687 1510 844 1575 secundus
867 1510 948 1574 haec
970 1509 1083 1574 habet:
1113 1533 1171 1576 na-

151 1606 226 1665 tura
259 1601 299 1664 ad
335 1601 422 1684 quod
449 1604 578 1682 tempus
607 1602 761 1683 cuiusque
789 1599 921 1663 seminis
952 1602 1029 1682 apta
1058 1600 1102 1664 sit
1130 1601 1207 1666 adu

154 1690 333 1754 serendum.
370 1711 446 1753 nam
469 1689 569 1753 refert
591 1690 625 1752 in
649 1709 728 1773 agro
753 1689 793 1752 ad
818 1710 915 1772 quam
937 1692 1065 1771 partem
1089 1689 1172 1754 caeli

154 1779 288 1861 quisque
316 1778 405 1841 locus
435 1779 572 1862 spectet,
610 1777 654 1841 sic
683 1778 724 1842 ad
752 1777 838 1861 quod
865 1780 995 1860 tempus
1024 1798 1172 1862 quasque

155 1888 207 1930 res
227 1865 381 1930 facillime
401 1868 535 1931 crescat.
561 1887 669 1930 nonne
688 1865 834 1930 videmus
854 1865 918 1929 alia
936 1865 1050 1930 florere
1069 1888 1171 1932 verno

156 1959 316 2038 tempore,
345 1955 411 2018 alia
439 1955 579 2038 aestiVO,
607 1976 709 2037 neque
733 1955 844 2018 eadem
868 1953 1065 2038 autumnali,
1088 1977 1172 2039 quae

129 2043 321 2108 thiberno?
366 2043 475 2125 itaque
509 2043 575 2106 alia
608 2048 759 2106 seruntur
791 2046 888 2126 atque
919 2043 1106 2107 inseruntur
1139 2049 1207 2108 etro

158 2133 325 2196 metuntur
348 2134 423 2195 ante
447 2135 514 2196 aut.
526 2134 602 2216 post
626 2154 723 2215 quam
747 2133 824 2215 alia3
864 2135 897 2196 et
920 2152 992 2195 cnm
1015 2131 1172 2216 pleraque

158 2242 232 2284 vere
268 2242 366 2304 quam
404 2224 560 2285 autumno
592 2221 792 2303 inserantur,
831 2220 959 2285 circiter
991 2220 1173 2287 solstitium

129 2309 258 2375 3inseri
280 2310 359 2374 ficos
382 2331 441 2374 nec
463 2333 529 2375 non
552 2309 755 2374 brumalibus
775 2309 887 2373 diebus
906 2330 1043 2374 cerasos.
1072 2331 1173 2392 quare

157 2421 230 2464 cum
254 2399 378 2463 semina
402 2399 468 2462 sint
490 2399 557 2463 fere
582 2402 735 2481 quattuor
758 2419 931 2482 generum,
957 2418 1036 2480 quae
1053 2403 1174 2465 notura

157 2489 247 2567 dedit,
267 2509 348 2571 quae
367 2488 606 2551 transferuntur
625 2510 642 2551 e
661 2491 749 2551 terra
767 2489 802 2550 in
821 2490 941 2550 terram
960 2486 1035 2550 viva
1053 2486 1171 2571 radice,
1185 2507 1208 2551 ru

158 2600 240 2660 quae
274 2599 313 2641 ex
345 2575 516 2641 arboribus
548 2576 681 2660 dempta
713 2576 927 2639 demittuntur
959 2574 994 2639 in
1024 2574 1173 2660 humum,

159 2687 241 2749 quae
264 2665 451 2728 inseruntur
479 2686 517 2728 ex
541 2664 713 2728 arboribus
736 2664 771 2727 in
796 2664 946 2747 arbores,
969 2663 1008 2728 de
1032 2665 1173 2748 singulis

157 2753 254 2817 rebus
278 2752 459 2835 videndum,
483 2774 565 2835 quae
589 2774 716 2837 quoquc
739 2756 886 2835 tempore
909 2753 1043 2836 locoque
1061 2752 1174 2819 facias.

101 2859 148 2912 XL
248 2839 392 2904 Primum
417 2862 543 2924 semen,
566 2841 651 2926 quod
675 2845 726 2905 est
748 2842 944 2925 principium
966 2842 1117 2926 genendi,
1140 2843 1183 2908 id·

159 2930 290 3013 duplex,
318 2951 419 2993 unum
447 2930 533 3012 quod
562 2930 643 2994 latet
672 2934 821 2994 nostrum
855 2953 999 3014 sensum,
1032 2932 1211 3001 alterumn

247 3127 265 3174 4
284 3120 309 3175 si
327 3121 427 3176 caueto
515 3127 549 3175 14
566 3122 640 3178 hano
658 3123 746 3178 habet
762 3125 892 3177 naturam
987 3127 1020 3176 17
1040 3121 1076 3175 ad
1095 3122 1174 3193 quod

158 3209 286 3262 quaeque
305 3193 417 3262 tempus
434 3209 479 3246 res
566 3198 599 3248 18
618 3193 753 3249 facillime
773 3193 947 3262 (facilissime
960 3195 1088 3262 plurimo
1106 3209 1174 3265 apo⁴

158 3265 331 3390 {gamm}
384 3269 420 3317 24
438 3279 510 3333 quae
529 3266 630 3319 natura
656 3265 734 3319 dedit
752 3282 801 3319 om.
910 3268 945 3319 25
963 3265 1043 3318 ninas
1062 3265 1174 3321 radices

250 3501 282 3550 17
303 3497 339 3550 ad
357 3495 434 3564 quod
451 3497 564 3565 tempus
583 3511 710 3564 quaeque
732 3511 777 3549 res
797 3494 944 3548 Iucundos
1051 3499 1086 3548 25
1106 3496 1175 3551 uiua

159 3566 299 3622 radicem
371 3573 405 3621 29
424 3565 545 3635 gerendi
563 3572 588 3622 et
606 3572 649 3634 53,
668 3573 684 3620 5
703 3565 863 3635 gerendum
876 3564 1013 3622 Victorius
