2430 3952
141 210 185 274 24
557 207 745 263 VARRONIS

140 354 244 420 valde.
290 352 431 437 primum
459 373 561 436 genus
592 351 677 437 quod
700 352 767 416 dixi
790 351 931 416 maxime
954 351 1083 435 quaerit
1107 373 1170 416 sav

141 445 228 525 licta,
252 441 426 505 secundum
448 440 673 523 harundineta,
698 440 831 506 tertium
854 441 982 505 iunoeta
1006 443 1063 504 aut
1086 441 1160 506 eius

143 531 270 618 generis
294 552 362 594 rem
387 530 543 612 aliquam,
572 534 725 614 quartum
749 529 896 612 arbusta,
927 529 982 593 ubi
1006 529 1159 595 traduces

142 620 270 704 possint
297 619 367 683 fieri
394 618 524 697 vitium,
552 624 589 682 ut
612 617 871 683 Mediolanenses
899 618 1024 683 faciunt
1046 617 1082 681 in
1106 641 1159 683 ar·

142 709 290 791 boribuS,
324 729 403 793 quas
436 711 554 772 vocant
586 709 712 790 opulos,
745 704 901 770 Canusini
928 709 962 770 in
980 707 1011 786 ·†
1039 706 1193 775 hardu-r

112 798 265 868 4lati0ne
294 797 327 860 in
357 796 436 860 ficis.
481 796 711 879 pedamentum
733 796 811 870 item
835 796 902 860 fere
925 799 1082 880 quattuor
1105 818 1161 881 ge-

144 907 271 950 nerum:
301 907 401 949 unum
424 885 610 965 robustum,
634 884 720 968 quod
744 885 903 967 optimum
927 885 1010 949 solet
1037 884 1161 950 adferri

144 977 178 1039 in
209 976 338 1039 vineam
371 995 388 1036 e
420 995 538 1057 querco
572 973 782 1057 ao'iunipiro
815 977 848 1037 ct
874 977 1009 1037 vocatur
1040 973 1161 1038 ridica:

145 1065 282 1128 alterum
305 1063 399 1146 palus
423 1084 439 1125 e
463 1063 595 1145 pertica,
618 1061 750 1126 meliore
770 1061 857 1145 dura,
881 1082 944 1144 quo
963 1062 1162 1145 diuturnior3

146 1174 242 1236 quem
266 1172 338 1215 oum
361 1150 508 1215 infimum
531 1154 619 1214 terra
643 1149 750 1232 solvit,
773 1154 869 1232 puter
891 1151 1046 1214 evertitur
1070 1155 1105 1216 et
1122 1151 1193 1216 fito

147 1241 252 1304 solum
271 1261 449 1303 summum:
467 1240 609 1323 tertium,
628 1238 714 1323 quod
732 1239 848 1303 horum
868 1239 998 1322 inopiae
1013 1239 1161 1304 subsidio
1180 1256 1186 1270 ⁰

146 1329 236 1392 misit
271 1327 531 1391 harundinetum.
585 1328 659 1391 inde
698 1328 784 1391 enim
823 1328 947 1410 aliquot
978 1328 1162 1412 conligatus
1203 1378 1205 1391 .

146 1417 240 1481 libris
269 1416 445 1480 demittunt
472 1417 507 1480 in
533 1417 664 1480 tubulos
692 1416 808 1480 fictiles
840 1417 940 1496 [cum]
965 1416 1063 1479 fundo
1089 1438 1162 1499 per·
1203 1466 1205 1475 .

146 1509 249 1588 tusos,
273 1527 353 1589 quas
378 1505 526 1587 cuspides
550 1505 732 1588 appellant,
756 1525 819 1587 qua
841 1526 935 1568 umor
958 1505 1162 1570 adventicius

147 1596 285 1658 transire
318 1596 432 1678 possit.
487 1601 638 1678 quartum
670 1596 720 1657 est
751 1592 979 1676 pedamentum
1011 1593 1196 1658 nativumu

149 1683 217 1746 eius
251 1683 392 1766 generis,
423 1682 480 1746 ubi
514 1704 552 1746 ex
580 1682 750 1746 arboribus
778 1682 812 1745 in
841 1682 973 1745 arbores
1001 1681 1163 1747 traductis

148 1772 268 1835 vitibus
298 1772 393 1836 vinea
418 1771 470 1854 fit,
499 1792 579 1854 quos
607 1771 756 1834 traduces
785 1771 917 1853 quidam
944 1792 1077 1852 rumpos
1109 1794 1164 1856 ap·

119 1872 137 1928 5
149 1859 282 1943 pellant.
327 1860 438 1923 vineae
467 1858 647 1923 altitudinis
674 1860 787 1922 modus
816 1859 986 1943 longitudo
1010 1859 1167 1945 hominis,

149 1948 322 2012 intervalla
344 1947 620 2031 pedamentorum,
644 1969 707 2031 qua
729 1948 828 2011 boves
852 1949 955 2011 iuncti
978 1969 1069 2011 arare
1088 1971 1166 2032 pos·

150 2037 225 2101 sint.
280 2058 319 2100 ea
351 2036 458 2099 minus
492 2039 684 2120 sumptuosa
716 2036 825 2115 vinea,
865 2058 946 2121 quae
979 2035 1048 2100 sine
1085 2038 1202 2121 iugo»

151 2124 317 2188 ministrat
331 2124 546 2207 acratophoro
561 2125 680 2189 vinum.
708 2124 803 2188 huius
818 2146 939 2208 genera
956 2125 1032 2188 duo:
1051 2146 1168 2211 unum,

150 2214 185 2276 in
209 2234 272 2296 quo
300 2216 388 2276 terra
411 2213 530 2277 cubilia
552 2214 688 2296 praebet
709 2214 795 2296 uvis,
824 2217 861 2277 ut
890 2214 923 2276 in
947 2213 1028 2277 Asia
1050 2215 1168 2279 multis

151 2302 240 2384 locis,
264 2323 344 2386 quae
369 2323 464 2385 saepe
487 2302 639 2385 vulpibus
659 2305 692 2366 et
710 2302 897 2367 hominibus
915 2301 953 2366 fit
972 2304 1168 2370 communis.

151 2411 211 2454 neo
237 2412 303 2454 non
331 2390 358 2454 si
388 2390 476 2473 parit
502 2391 619 2455 humus
648 2413 769 2473 mures,
797 2391 904 2454 minor
932 2391 970 2454 fit
992 2390 1169 2476 vindemia,

150 2479 216 2543 nisi
243 2483 329 2543 totas
357 2480 466 2543 vineas
491 2480 632 2563 oppleris
656 2480 857 2562 muscipulis,
886 2478 972 2562 quod
1000 2479 1168 2545 ininsula
1183 2504 1205 2547 11

121 2567 346 2636 6Ρ11111111111
364 2568 496 2633 faciunt.
525 2568 662 2632 alterum
682 2589 784 2652 genus
803 2569 912 2651 vineti,
935 2567 991 2631 ubi
1011 2588 1049 2631 11
1067 2568 1168 2634 modo

152 2659 370 2721 removetura
389 2659 477 2720 terra
495 2657 580 2738 vitis,
600 2678 681 2739 quae
701 2655 844 2720 ostendit
862 2678 896 2719 se
916 2656 1040 2720 adferre
1059 2678 1169 2723 uvam.

153 2745 212 2808 sub
236 2765 321 2826 eam,
352 2745 410 2808 ubi
433 2746 577 2808 nascitur
599 2766 671 2826 uva,
699 2745 900 2808 subiciuntur
923 2745 1052 2809 circiter
1076 2745 1170 2829 bipe-

152 2832 241 2896 dales
269 2854 286 2895 1
315 2833 449 2896 1111011111
477 2832 637 2915 furcillae,
664 2854 705 2896 ne
733 2832 896 2898 vindemia
917 2832 1005 2898 facta
1028 2833 1169 2917 denique

144 2920 256 2985 ‚discat
278 2921 416 3004 pendere
439 2922 472 2984 in
495 2923 605 3006 palma
624 2925 679 2986 aut
698 2922 841 2987 funiculo
861 2925 918 2986 aut
937 2922 1055 3004 vinctu,
1079 2923 1169 3005 quod
1184 2949 1205 2991 11

154 3010 280 3093 antiqui
303 3009 466 3073 vocabant
488 3014 621 3074 aestum.
658 3011 705 3074 ibi
729 3010 877 3075 dominus
902 3010 999 3074 simul
1024 3033 1061 3075 ac
1083 3011 1170 3076 vidit

154 3098 340 3181 occipitium
365 3098 620 3184 vindemiatoris,
643 3099 789 3164 furcillae
812 3099 937 3163 reducit
958 3100 1167 3164 hibernatum

245 3314 277 3362 10
306 3307 404 3379 solvit]
432 3309 524 3364 uoluit
638 3315 670 3363 12
698 3294 813 3377 aliquod
929 3312 963 3360 14
991 3295 1075 3378 quus]
1096 3324 1170 3376 quos

155 3385 190 3434 26
209 3378 294 3434 uiniti
313 3379 413 3449 (uineti
431 3383 537 3452 11091.)
658 3381 673 3400 “

246 3565 279 3612 10
294 3558 380 3614 101111
396 3557 531 3613 (11111111
578 3563 610 3611 13
625 3556 725 3611 fictiles
740 3555 826 3612 fundo
836 3557 965 3626 pertusos
975 3555 1171 3625 Schoettpenua
