<?xml version="1.0" encoding="UTF-8"?>
<!DOCTYPE html PUBLIC "-//W3C//DTD XHTML 1.0 Transitional//EN"
    "http://www.w3.org/TR/xhtml1/DTD/xhtml1-transitional.dtd">
<html xmlns="http://www.w3.org/1999/xhtml" xml:lang="en" lang="en">
 <head>
  <title>
</title>
<meta http-equiv="Content-Type" content="text/html;charset=utf-8" />
  <meta name='ocr-system' content='tesseract 3.04.00' />
  <meta name='ocr-capabilities' content='ocr_page ocr_carea ocr_par ocr_line ocrx_word'/>
</head>
<body>
  <div class='ocr_page' id='page_1' title='image "./mterentivarroni01keilgoog/mterentivarroni01keilgoog_0023.png"; bbox 0 0 2430 3952; ppageno 0'>
   <div class='ocr_carea' id='block_1_1' title="bbox 168 214 767 270">
    <p class='ocr_par' dir='ltr' id='par_1_1' title="bbox 168 214 767 270">
     <span class='ocr_line' id='line_1_1' title="bbox 168 214 767 270; baseline 0 0"><span class='ocrx_word' id='word_1_1' title='bbox 168 217 193 270; x_wconf 89' lang='lat' dir='ltr'>X</span> <span class='ocrx_word' id='word_1_2' title='bbox 562 214 767 270; x_wconf 75' lang='lat' dir='ltr'><strong>PRAEFATIO</strong></span> 
     </span>
    </p>
   </div>
   <div class='ocr_carea' id='block_1_2' title="bbox 169 358 1183 713">
    <p class='ocr_par' dir='ltr' id='par_1_2' title="bbox 169 358 1183 713">
     <span class='ocr_line' id='line_1_2' title="bbox 169 358 1182 448; baseline 0.005 -24"><span class='ocrx_word' id='word_1_3' title='bbox 169 360 411 424; x_wconf 89' lang='lat' dir='ltr'><strong>Pontederae</strong></span> <span class='ocrx_word' id='word_1_4' title='bbox 425 360 458 423; x_wconf 92' lang='lat' dir='ltr'><strong>in</strong></span> <span class='ocrx_word' id='word_1_5' title='bbox 478 358 721 445; x_wconf 73' lang='lat' dir='ltr'><strong>‘antiquitatum</strong></span> <span class='ocrx_word' id='word_1_6' title='bbox 739 361 913 426; x_wconf 87' lang='lat' dir='ltr'><strong>latinarum</strong></span> <span class='ocrx_word' id='word_1_7' title='bbox 929 383 1182 448; x_wconf 85' lang='lat' dir='ltr'><strong>graecarumque</strong></span> 
     </span>
     <span class='ocr_line' id='line_1_3' title="bbox 169 449 1183 533; baseline 0.005 -19"><span class='ocrx_word' id='word_1_8' title='bbox 169 449 429 514; x_wconf 79' lang='lat' dir='ltr'><strong>enarrationibus</strong></span> <span class='ocrx_word' id='word_1_9' title='bbox 454 452 550 533; x_wconf 88' lang='lat' dir='ltr'><strong>atque</strong></span> <span class='ocrx_word' id='word_1_10' title='bbox 573 449 866 514; x_wconf 87' lang='lat' dir='ltr'><strong>emendationibus&#39;</strong></span> <span class='ocrx_word' id='word_1_11' title='bbox 889 450 1020 516; x_wconf 86' lang='lat' dir='ltr'><strong>Patavii</strong></span> <span class='ocrx_word' id='word_1_12' title='bbox 1044 475 1071 516; x_wconf 88' lang='lat' dir='ltr'><strong>a.</strong></span> <span class='ocrx_word' id='word_1_13' title='bbox 1094 456 1183 519; x_wconf 76' lang='lat'>1740</span> 
     </span>
     <span class='ocr_line' id='line_1_4' title="bbox 170 536 1180 622; baseline 0.004 -20"><span class='ocrx_word' id='word_1_14' title='bbox 170 539 278 622; x_wconf 84' lang='lat' dir='ltr'><strong>editis,</strong></span> <span class='ocrx_word' id='word_1_15' title='bbox 312 539 427 621; x_wconf 86' lang='lat' dir='ltr'><strong>quibus</strong></span> <span class='ocrx_word' id='word_1_16' title='bbox 461 538 494 600; x_wconf 93' lang='lat' dir='ltr'><strong>in</strong></span> <span class='ocrx_word' id='word_1_17' title='bbox 522 537 637 620; x_wconf 89' lang='lat' dir='ltr'><strong>primis</strong></span> <span class='ocrx_word' id='word_1_18' title='bbox 667 536 801 603; x_wconf 81' lang='lat' dir='ltr'><strong>Catonis</strong></span> <span class='ocrx_word' id='word_1_19' title='bbox 831 544 863 603; x_wconf 92' lang='lat' dir='ltr'><strong>et</strong></span> <span class='ocrx_word' id='word_1_20' title='bbox 891 539 1050 604; x_wconf 86' lang='lat' dir='ltr'>Varronis</span> <span class='ocrx_word' id='word_1_21' title='bbox 1079 542 1180 606; x_wconf 89' lang='lat' dir='ltr'><strong>libros</strong></span> 
     </span>
     <span class='ocr_line' id='line_1_5' title="bbox 169 626 1179 713; baseline 0.003 -22"><span class='ocrx_word' id='word_1_22' title='bbox 169 627 326 713; x_wconf 84' lang='lat' dir='ltr'>singulari</span> <span class='ocrx_word' id='word_1_23' title='bbox 349 626 507 691; x_wconf 88' lang='lat' dir='ltr'><strong>industria</strong></span> <span class='ocrx_word' id='word_1_24' title='bbox 530 626 692 690; x_wconf 90' lang='lat' dir='ltr'><strong>illustrare</strong></span> <span class='ocrx_word' id='word_1_25' title='bbox 717 631 750 690; x_wconf 89' lang='lat' dir='ltr'><strong>et</strong></span> <span class='ocrx_word' id='word_1_26' title='bbox 772 628 942 692; x_wconf 89' lang='lat' dir='ltr'><strong>emendare</strong></span> <span class='ocrx_word' id='word_1_27' title='bbox 962 629 1094 694; x_wconf 91' lang='lat' dir='ltr'><strong>studuit.</strong></span> <span class='ocrx_word' id='word_1_28' title='bbox 1125 631 1179 711; x_wconf 88' lang='lat' dir='ltr'><strong>sed</strong></span> 
     </span>
    </p>
   </div>
   <div class='ocr_carea' id='block_1_3' title="bbox 165 715 1186 2484">
    <p class='ocr_par' dir='ltr' id='par_1_3' title="bbox 167 715 1181 1332">
     <span class='ocr_line' id='line_1_6' title="bbox 168 715 1181 802; baseline 0.004 -23"><span class='ocrx_word' id='word_1_29' title='bbox 168 738 209 779; x_wconf 90' lang='lat' dir='ltr'><strong>ne</strong></span> <span class='ocrx_word' id='word_1_30' title='bbox 232 718 347 779; x_wconf 90' lang='lat' dir='ltr'><strong>nostra</strong></span> <span class='ocrx_word' id='word_1_31' title='bbox 370 715 498 799; x_wconf 90' lang='lat' dir='ltr'><strong>quidem</strong></span> <span class='ocrx_word' id='word_1_32' title='bbox 528 719 649 799; x_wconf 85' lang='lat' dir='ltr'><strong>aetate,</strong></span> <span class='ocrx_word' id='word_1_33' title='bbox 678 715 868 801; x_wconf 83' lang='lat' dir='ltr'><strong>priusquam</strong></span> <span class='ocrx_word' id='word_1_34' title='bbox 893 717 933 781; x_wconf 89' lang='lat' dir='ltr'><strong>ad</strong></span> <span class='ocrx_word' id='word_1_35' title='bbox 956 717 1181 802; x_wconf 88' lang='lat' dir='ltr'><strong>incorruptum</strong></span> 
     </span>
     <span class='ocr_line' id='line_1_7' title="bbox 168 804 1180 890; baseline 0.002 -20"><span class='ocrx_word' id='word_1_36' title='bbox 168 804 347 887; x_wconf 72' lang='lat' dir='ltr'><strong>scripturae</strong></span> <span class='ocrx_word' id='word_1_37' title='bbox 383 805 507 868; x_wconf 88' lang='lat' dir='ltr'><strong>fontem</strong></span> <span class='ocrx_word' id='word_1_38' title='bbox 545 805 650 868; x_wconf 86' lang='lat' dir='ltr'><strong>aditus</strong></span> <span class='ocrx_word' id='word_1_39' title='bbox 687 805 870 887; x_wconf 88' lang='lat' dir='ltr'><strong>patefactus</strong></span> <span class='ocrx_word' id='word_1_40' title='bbox 908 809 1008 890; x_wconf 80' lang='lat' dir='ltr'><strong>esset,</strong></span> <span class='ocrx_word' id='word_1_41' title='bbox 1040 809 1180 872; x_wconf 90' lang='lat' dir='ltr'><strong>multum</strong></span> 
     </span>
     <span class='ocr_line' id='line_1_8' title="bbox 169 892 1180 977; baseline 0.004 -21"><span class='ocrx_word' id='word_1_42' title='bbox 169 893 280 976; x_wconf 89' lang='lat' dir='ltr'><strong>profici</strong></span> <span class='ocrx_word' id='word_1_43' title='bbox 308 894 342 956; x_wconf 92' lang='lat' dir='ltr'><strong>in</strong></span> <span class='ocrx_word' id='word_1_44' title='bbox 370 892 593 957; x_wconf 89' lang='lat' dir='ltr'><strong>emendatione</strong></span> <span class='ocrx_word' id='word_1_45' title='bbox 620 893 738 957; x_wconf 94' lang='lat' dir='ltr'><strong>horum</strong></span> <span class='ocrx_word' id='word_1_46' title='bbox 768 895 925 957; x_wconf 91' lang='lat' dir='ltr'><strong>librorum</strong></span> <span class='ocrx_word' id='word_1_47' title='bbox 954 895 1074 977; x_wconf 88' lang='lat' dir='ltr'><strong>potuit,</strong></span> <span class='ocrx_word' id='word_1_48' title='bbox 1107 918 1180 960; x_wconf 91' lang='lat' dir='ltr'><strong>cum</strong></span> 
     </span>
     <span class='ocr_line' id='line_1_9' title="bbox 168 981 1181 1066; baseline 0.002 -21"><span class='ocrx_word' id='word_1_49' title='bbox 168 982 299 1065; x_wconf 91' lang='lat' dir='ltr'><strong>plurimi</strong></span> <span class='ocrx_word' id='word_1_50' title='bbox 322 983 453 1045; x_wconf 90' lang='lat' dir='ltr'><strong>inventa</strong></span> <span class='ocrx_word' id='word_1_51' title='bbox 476 984 621 1064; x_wconf 87' lang='lat' dir='ltr'><strong>priorum</strong></span> <span class='ocrx_word' id='word_1_52' title='bbox 646 981 804 1046; x_wconf 89' lang='lat' dir='ltr'><strong>editorum</strong></span> <span class='ocrx_word' id='word_1_53' title='bbox 823 983 921 1047; x_wconf 89' lang='lat' dir='ltr'><strong>nimis</strong></span> <span class='ocrx_word' id='word_1_54' title='bbox 940 983 1101 1066; x_wconf 73' lang='lat' dir='ltr'><strong>patienter</strong></span> <span class='ocrx_word' id='word_1_55' title='bbox 1118 985 1181 1048; x_wconf 83' lang='lat' dir='ltr'><strong>fer·</strong></span> 
     </span>
     <span class='ocr_line' id='line_1_10' title="bbox 167 1070 1181 1156; baseline 0.002 -22"><span class='ocrx_word' id='word_1_56' title='bbox 167 1076 255 1154; x_wconf 85' lang='lat' dir='ltr'><strong>rent,</strong></span> <span class='ocrx_word' id='word_1_57' title='bbox 285 1071 379 1154; x_wconf 88' lang='lat' dir='ltr'><strong>pauci</strong></span> <span class='ocrx_word' id='word_1_58' title='bbox 407 1071 493 1134; x_wconf 93' lang='lat' dir='ltr'><strong>unde</strong></span> <span class='ocrx_word' id='word_1_59' title='bbox 516 1071 634 1135; x_wconf 88' lang='lat' dir='ltr'><strong>veteris</strong></span> <span class='ocrx_word' id='word_1_60' title='bbox 659 1070 837 1154; x_wconf 84' lang='lat' dir='ltr'><strong>scripturae</strong></span> <span class='ocrx_word' id='word_1_61' title='bbox 861 1073 1019 1136; x_wconf 89' lang='lat' dir='ltr'><strong>memoria</strong></span> <span class='ocrx_word' id='word_1_62' title='bbox 1040 1073 1181 1156; x_wconf 88' lang='lat' dir='ltr'><strong>petenda</strong></span> 
     </span>
     <span class='ocr_line' id='line_1_11' title="bbox 168 1159 1180 1244; baseline 0.003 -22"><span class='ocrx_word' id='word_1_63' title='bbox 168 1163 252 1224; x_wconf 86' lang='lat' dir='ltr'><strong>esset</strong></span> <span class='ocrx_word' id='word_1_64' title='bbox 285 1160 513 1244; x_wconf 82' lang='lat' dir='ltr'><strong>intellegerent</strong></span> <span class='ocrx_word' id='word_1_65' title='bbox 540 1161 591 1223; x_wconf 89' lang='lat' dir='ltr'><strong>vel</strong></span> <span class='ocrx_word' id='word_1_66' title='bbox 619 1163 769 1223; x_wconf 86' lang='lat' dir='ltr'><strong>naturam</strong></span> <span class='ocrx_word' id='word_1_67' title='bbox 798 1161 955 1224; x_wconf 89' lang='lat' dir='ltr'><strong>sermonis</strong></span> <span class='ocrx_word' id='word_1_68' title='bbox 985 1159 1180 1225; x_wconf 91' lang='lat' dir='ltr'><strong>Varroniani</strong></span> 
     </span>
     <span class='ocr_line' id='line_1_12' title="bbox 167 1248 561 1332; baseline -0.003 -20"><span class='ocrx_word' id='word_1_69' title='bbox 167 1252 370 1332; x_wconf 79' lang='lat' dir='ltr'><strong>perspectam</strong></span> <span class='ocrx_word' id='word_1_70' title='bbox 394 1248 561 1312; x_wconf 88' lang='lat' dir='ltr'><strong>haberent.</strong></span> 
     </span>
    </p>

    <p class='ocr_par' dir='ltr' id='par_1_4' title="bbox 165 1336 1186 2484">
     <span class='ocr_line' id='line_1_13' title="bbox 256 1336 1179 1421; baseline 0.001 -22"><span class='ocrx_word' id='word_1_71' title='bbox 256 1336 328 1420; x_wconf 82' lang='lat' dir='ltr'><strong>Ego</strong></span> <span class='ocrx_word' id='word_1_72' title='bbox 358 1359 428 1400; x_wconf 91' lang='lat' dir='ltr'><strong>eam</strong></span> <span class='ocrx_word' id='word_1_73' title='bbox 458 1337 630 1420; x_wconf 85' lang='lat' dir='ltr'><strong>rationem,</strong></span> <span class='ocrx_word' id='word_1_74' title='bbox 661 1358 757 1419; x_wconf 89' lang='lat' dir='ltr'><strong>quam</strong></span> <span class='ocrx_word' id='word_1_75' title='bbox 788 1337 865 1401; x_wconf 92' lang='lat' dir='ltr'><strong>olim</strong></span> <span class='ocrx_word' id='word_1_76' title='bbox 896 1337 1059 1402; x_wconf 90' lang='lat' dir='ltr'><strong>Victorius</strong></span> <span class='ocrx_word' id='word_1_77' title='bbox 1087 1360 1179 1421; x_wconf 88' lang='lat' dir='ltr'><strong>prae-</strong></span> 
     </span>
     <span class='ocr_line' id='line_1_14' title="bbox 167 1426 1180 1509; baseline 0.001 -21"><span class='ocrx_word' id='word_1_78' title='bbox 167 1426 255 1489; x_wconf 87' lang='lat' dir='ltr'><strong>claro</strong></span> <span class='ocrx_word' id='word_1_79' title='bbox 276 1427 422 1509; x_wconf 85' lang='lat' dir='ltr'><strong>exemplo</strong></span> <span class='ocrx_word' id='word_1_80' title='bbox 442 1427 720 1490; x_wconf 87' lang='lat' dir='ltr'><strong>demonstraverat</strong></span> <span class='ocrx_word' id='word_1_81' title='bbox 738 1447 842 1509; x_wconf 88' lang='lat' dir='ltr'><strong>neque</strong></span> <span class='ocrx_word' id='word_1_82' title='bbox 860 1430 970 1489; x_wconf 89' lang='lat' dir='ltr'><strong>tamen</strong></span> <span class='ocrx_word' id='word_1_83' title='bbox 991 1429 1180 1490; x_wconf 86' lang='lat' dir='ltr'><strong>constanter</strong></span> 
     </span>
     <span class='ocr_line' id='line_1_15' title="bbox 167 1514 1186 1598; baseline 0.002 -21"><span class='ocrx_word' id='word_1_84' title='bbox 167 1514 366 1598; x_wconf 80' lang='lat' dir='ltr'><strong>obtinuerat,</strong></span> <span class='ocrx_word' id='word_1_85' title='bbox 396 1517 524 1578; x_wconf 88' lang='lat' dir='ltr'><strong>secutus</strong></span> <span class='ocrx_word' id='word_1_86' title='bbox 554 1535 634 1577; x_wconf 90' lang='lat' dir='ltr'><strong>sum.</strong></span> <span class='ocrx_word' id='word_1_87' title='bbox 684 1515 793 1597; x_wconf 90' lang='lat' dir='ltr'><strong>itaque</strong></span> <span class='ocrx_word' id='word_1_88' title='bbox 821 1536 951 1596; x_wconf 91' lang='lat' dir='ltr'><strong>operam</strong></span> <span class='ocrx_word' id='word_1_89' title='bbox 982 1514 1054 1578; x_wconf 91' lang='lat' dir='ltr'><strong>dedi</strong></span> <span class='ocrx_word' id='word_1_90' title='bbox 1082 1517 1119 1578; x_wconf 89' lang='lat' dir='ltr'><strong>ut</strong></span> <span class='ocrx_word' id='word_1_91' title='bbox 1147 1518 1186 1580; x_wconf 84' lang='lat' dir='ltr'><strong>et.</strong></span> 
     </span>
     <span class='ocr_line' id='line_1_16' title="bbox 167 1602 1178 1686; baseline 0 -20"><span class='ocrx_word' id='word_1_92' title='bbox 167 1602 326 1685; x_wconf 88' lang='lat' dir='ltr'><strong>scriptura</strong></span> <span class='ocrx_word' id='word_1_93' title='bbox 350 1603 517 1686; x_wconf 88' lang='lat' dir='ltr'><strong>archetypi</strong></span> <span class='ocrx_word' id='word_1_94' title='bbox 539 1607 836 1686; x_wconf 86' lang='lat' dir='ltr'><strong>repraesentaretur</strong></span> <span class='ocrx_word' id='word_1_95' title='bbox 856 1607 888 1666; x_wconf 89' lang='lat' dir='ltr'><strong>et</strong></span> <span class='ocrx_word' id='word_1_96' title='bbox 907 1603 1089 1668; x_wconf 83' lang='lat' dir='ltr'><strong>emendatio</strong></span> <span class='ocrx_word' id='word_1_97' title='bbox 1108 1625 1178 1666; x_wconf 86' lang='lat' dir='ltr'><strong>ver-</strong></span> 
     </span>
     <span class='ocr_line' id='line_1_17' title="bbox 167 1692 1178 1776; baseline -0.002 -20"><span class='ocrx_word' id='word_1_98' title='bbox 167 1692 282 1756; x_wconf 91' lang='lat' dir='ltr'><strong>borum</strong></span> <span class='ocrx_word' id='word_1_99' title='bbox 307 1693 403 1756; x_wconf 88' lang='lat' dir='ltr'><strong>certis</strong></span> <span class='ocrx_word' id='word_1_100' title='bbox 426 1692 553 1776; x_wconf 88' lang='lat' dir='ltr'><strong>legibus</strong></span> <span class='ocrx_word' id='word_1_101' title='bbox 574 1692 838 1774; x_wconf 83' lang='lat' dir='ltr'><strong>adstringeretur.</strong></span> <span class='ocrx_word' id='word_1_102' title='bbox 867 1693 1023 1769; x_wconf 85' lang='lat' dir='ltr'><strong>editiones</strong></span> <span class='ocrx_word' id='word_1_103' title='bbox 1042 1696 1075 1756; x_wconf 88' lang='lat' dir='ltr'><strong>et</strong></span> <span class='ocrx_word' id='word_1_104' title='bbox 1094 1712 1178 1755; x_wconf 90' lang='lat' dir='ltr'><strong>com-</strong></span> 
     </span>
     <span class='ocr_line' id='line_1_18' title="bbox 166 1778 1179 1863; baseline 0.002 -21"><span class='ocrx_word' id='word_1_105' title='bbox 166 1778 343 1844; x_wconf 88' lang='lat' dir='ltr'><strong>mentarios</strong></span> <span class='ocrx_word' id='word_1_106' title='bbox 376 1784 445 1844; x_wconf 90' lang='lat' dir='ltr'><strong>tam</strong></span> <span class='ocrx_word' id='word_1_107' title='bbox 478 1785 622 1844; x_wconf 87' lang='lat' dir='ltr'><strong>veterum</strong></span> <span class='ocrx_word' id='word_1_108' title='bbox 656 1802 753 1863; x_wconf 90' lang='lat' dir='ltr'><strong>quam</strong></span> <span class='ocrx_word' id='word_1_109' title='bbox 787 1782 964 1844; x_wconf 90' lang='lat' dir='ltr'><strong>recentium</strong></span> <span class='ocrx_word' id='word_1_110' title='bbox 994 1781 1179 1845; x_wconf 87' lang='lat' dir='ltr'><strong>criticorum</strong></span> 
     </span>
     <span class='ocr_line' id='line_1_19' title="bbox 165 1868 1178 1954; baseline 0 -23"><span class='ocrx_word' id='word_1_111' title='bbox 165 1869 298 1953; x_wconf 83' lang='lat' dir='ltr'><strong>perlegi,</strong></span> <span class='ocrx_word' id='word_1_112' title='bbox 321 1890 402 1953; x_wconf 90' lang='lat' dir='ltr'><strong>quae</strong></span> <span class='ocrx_word' id='word_1_113' title='bbox 427 1872 501 1954; x_wconf 89' lang='lat' dir='ltr'><strong>apte</strong></span> <span class='ocrx_word' id='word_1_114' title='bbox 522 1870 556 1932; x_wconf 92' lang='lat' dir='ltr'><strong>in</strong></span> <span class='ocrx_word' id='word_1_115' title='bbox 574 1868 640 1931; x_wconf 92' lang='lat' dir='ltr'><strong>illis</strong></span> <span class='ocrx_word' id='word_1_116' title='bbox 660 1869 830 1933; x_wconf 87' lang='lat' dir='ltr'><strong>emendata</strong></span> <span class='ocrx_word' id='word_1_117' title='bbox 848 1869 1052 1933; x_wconf 86' lang='lat' dir='ltr'><strong>inveniebam</strong></span> <span class='ocrx_word' id='word_1_118' title='bbox 1071 1870 1178 1953; x_wconf 86' lang='lat' dir='ltr'><strong>recepi</strong></span> 
     </span>
     <span class='ocr_line' id='line_1_20' title="bbox 167 1957 1179 2040; baseline 0 -20"><span class='ocrx_word' id='word_1_119' title='bbox 167 1960 199 2021; x_wconf 90' lang='lat' dir='ltr'><strong>et</strong></span> <span class='ocrx_word' id='word_1_120' title='bbox 234 1957 300 2020; x_wconf 91' lang='lat' dir='ltr'><strong>suis</strong></span> <span class='ocrx_word' id='word_1_121' title='bbox 330 1959 515 2021; x_wconf 87' lang='lat' dir='ltr'><strong>auctoribus</strong></span> <span class='ocrx_word' id='word_1_122' title='bbox 544 1957 717 2021; x_wconf 85' lang='lat' dir='ltr'><strong>vindicavi:</strong></span> <span class='ocrx_word' id='word_1_123' title='bbox 756 1958 833 2040; x_wconf 91' lang='lat' dir='ltr'><strong>quid</strong></span> <span class='ocrx_word' id='word_1_124' title='bbox 862 1958 944 2021; x_wconf 85' lang='lat' dir='ltr'><strong>milri</strong></span> <span class='ocrx_word' id='word_1_125' title='bbox 971 1958 1179 2022; x_wconf 89' lang='lat' dir='ltr'><strong>tribuendum</strong></span> 
     </span>
     <span class='ocr_line' id='line_1_21' title="bbox 167 2045 1179 2130; baseline 0.001 -21"><span class='ocrx_word' id='word_1_126' title='bbox 167 2046 218 2128; x_wconf 88' lang='lat' dir='ltr'><strong>sit,</strong></span> <span class='ocrx_word' id='word_1_127' title='bbox 242 2047 395 2128; x_wconf 91' lang='lat' dir='ltr'><strong>quoniam</strong></span> <span class='ocrx_word' id='word_1_128' title='bbox 417 2046 512 2110; x_wconf 90' lang='lat' dir='ltr'><strong>facile</strong></span> <span class='ocrx_word' id='word_1_129' title='bbox 535 2046 685 2130; x_wconf 89' lang='lat' dir='ltr'><strong>intellegi</strong></span> <span class='ocrx_word' id='word_1_130' title='bbox 707 2047 837 2129; x_wconf 89' lang='lat' dir='ltr'><strong>poterit,</strong></span> <span class='ocrx_word' id='word_1_131' title='bbox 862 2047 1022 2129; x_wconf 88' lang='lat' dir='ltr'><strong>adscripto</strong></span> <span class='ocrx_word' id='word_1_132' title='bbox 1047 2045 1179 2110; x_wconf 90' lang='lat' dir='ltr'><strong>nomine</strong></span> 
     </span>
     <span class='ocr_line' id='line_1_22' title="bbox 167 2134 1178 2218; baseline -0.002 -20"><span class='ocrx_word' id='word_1_133' title='bbox 167 2135 349 2218; x_wconf 81' lang='lat' dir='ltr'><strong>significare</strong></span> <span class='ocrx_word' id='word_1_134' title='bbox 382 2156 462 2216; x_wconf 88' lang='lat' dir='ltr'><strong>opus</strong></span> <span class='ocrx_word' id='word_1_135' title='bbox 495 2157 560 2198; x_wconf 89' lang='lat' dir='ltr'><strong>non</strong></span> <span class='ocrx_word' id='word_1_136' title='bbox 595 2157 664 2199; x_wconf 87' lang='lat' dir='ltr'><strong>esse</strong></span> <span class='ocrx_word' id='word_1_137' title='bbox 696 2135 818 2218; x_wconf 84' lang='lat' dir='ltr'><strong>putavi.</strong></span> <span class='ocrx_word' id='word_1_138' title='bbox 872 2136 982 2218; x_wconf 87' lang='lat' dir='ltr'><strong>paucis</strong></span> <span class='ocrx_word' id='word_1_139' title='bbox 1015 2135 1107 2217; x_wconf 89' lang='lat' dir='ltr'><strong>locis,</strong></span> <span class='ocrx_word' id='word_1_140' title='bbox 1145 2134 1178 2197; x_wconf 92' lang='lat' dir='ltr'><strong>in</strong></span> 
     </span>
     <span class='ocr_line' id='line_1_23' title="bbox 166 2222 1178 2308; baseline -0.001 -22"><span class='ocrx_word' id='word_1_141' title='bbox 166 2222 283 2306; x_wconf 88' lang='lat' dir='ltr'><strong>quibus</strong></span> <span class='ocrx_word' id='word_1_142' title='bbox 302 2225 401 2287; x_wconf 87' lang='lat' dir='ltr'><strong>verba</strong></span> <span class='ocrx_word' id='word_1_143' title='bbox 419 2227 488 2286; x_wconf 91' lang='lat' dir='ltr'><strong>tam</strong></span> <span class='ocrx_word' id='word_1_144' title='bbox 507 2224 649 2308; x_wconf 87' lang='lat' dir='ltr'><strong>graviter</strong></span> <span class='ocrx_word' id='word_1_145' title='bbox 668 2228 819 2308; x_wconf 89' lang='lat' dir='ltr'><strong>corrupta</strong></span> <span class='ocrx_word' id='word_1_146' title='bbox 839 2229 939 2308; x_wconf 83' lang='lat' dir='ltr'><strong>erant,</strong></span> <span class='ocrx_word' id='word_1_147' title='bbox 963 2227 1000 2288; x_wconf 87' lang='lat' dir='ltr'><strong>ut</strong></span> <span class='ocrx_word' id='word_1_148' title='bbox 1017 2223 1178 2307; x_wconf 86' lang='lat' dir='ltr'><strong>probabili</strong></span> 
     </span>
     <span class='ocr_line' id='line_1_24' title="bbox 166 2312 1179 2396; baseline 0 -21"><span class='ocrx_word' id='word_1_149' title='bbox 166 2312 390 2376; x_wconf 89' lang='lat' dir='ltr'><strong>emendatione</strong></span> <span class='ocrx_word' id='word_1_150' title='bbox 421 2314 528 2376; x_wconf 89' lang='lat' dir='ltr'><strong>sanari</strong></span> <span class='ocrx_word' id='word_1_151' title='bbox 556 2335 623 2376; x_wconf 90' lang='lat' dir='ltr'><strong>non</strong></span> <span class='ocrx_word' id='word_1_152' title='bbox 647 2317 792 2396; x_wconf 89' lang='lat' dir='ltr'><strong>possent,</strong></span> <span class='ocrx_word' id='word_1_153' title='bbox 822 2317 936 2378; x_wconf 91' lang='lat' dir='ltr'><strong>notare</strong></span> <span class='ocrx_word' id='word_1_154' title='bbox 960 2313 1179 2396; x_wconf 86' lang='lat' dir='ltr'><strong>corruptelam</strong></span> 
     </span>
     <span class='ocr_line' id='line_1_25' title="bbox 167 2401 951 2484; baseline 0.001 -19"><span class='ocrx_word' id='word_1_155' title='bbox 167 2423 262 2484; x_wconf 91' lang='lat' dir='ltr'><strong>quam</strong></span> <span class='ocrx_word' id='word_1_156' title='bbox 287 2401 401 2466; x_wconf 87' lang='lat' dir='ltr'><strong>inanes</strong></span> <span class='ocrx_word' id='word_1_157' title='bbox 425 2403 624 2466; x_wconf 90' lang='lat' dir='ltr'><strong>coniecturas</strong></span> <span class='ocrx_word' id='word_1_158' title='bbox 648 2402 818 2467; x_wconf 88' lang='lat' dir='ltr'><strong>admittere</strong></span> <span class='ocrx_word' id='word_1_159' title='bbox 842 2403 951 2467; x_wconf 90' lang='lat' dir='ltr'><strong>malui.</strong></span> 
     </span>
    </p>
   </div>
   <div class='ocr_carea' id='block_1_4' title="bbox 256 2523 1011 2609">
    <p class='ocr_par' dir='ltr' id='par_1_5' title="bbox 256 2523 1011 2609">
     <span class='ocr_line' id='line_1_26' title="bbox 256 2523 1011 2609; baseline -0.007 -19"><span class='ocrx_word' id='word_1_160' title='bbox 256 2523 377 2609; x_wconf 79' lang='lat' dir='ltr'><strong>Scripsi</strong></span> <span class='ocrx_word' id='word_1_161' title='bbox 399 2524 494 2590; x_wconf 89' lang='lat' dir='ltr'><strong>Halis</strong></span> <span class='ocrx_word' id='word_1_162' title='bbox 519 2525 683 2591; x_wconf 81' lang='lat' dir='ltr'><strong>Saxonum</strong></span> <span class='ocrx_word' id='word_1_163' title='bbox 707 2548 817 2589; x_wconf 90' lang='lat' dir='ltr'><strong>mense</strong></span> <span class='ocrx_word' id='word_1_164' title='bbox 841 2524 1011 2588; x_wconf 87' lang='lat' dir='ltr'><strong>Decembri</strong></span> 
     </span>
    </p>
   </div>
   <div class='ocr_carea' id='block_1_5' title="bbox 380 2612 794 2679">
    <p class='ocr_par' dir='ltr' id='par_1_6' title="bbox 380 2612 794 2679">
     <span class='ocr_line' id='line_1_27' title="bbox 380 2612 794 2679; baseline -0.005 -1"><span class='ocrx_word' id='word_1_165' title='bbox 380 2637 406 2679; x_wconf 89' lang='lat' dir='ltr'><strong>a.</strong></span> <span class='ocrx_word' id='word_1_166' title='bbox 431 2612 794 2679; x_wconf 83' lang='lat' dir='ltr'>MDCOCLXXXVIII.</span> 
     </span>
    </p>
   </div>
   <div class='ocr_carea' id='block_1_6' title="bbox 0 0 1220 3952">
    <p class='ocr_par' dir='ltr' id='par_1_7' title="bbox 0 0 1220 3952">
     <span class='ocr_line' id='line_1_28' title="bbox 0 0 1220 3952; baseline 0 0"><span class='ocrx_word' id='word_1_167' title='bbox 0 0 1220 3952; x_wconf 95' lang='lat' dir='ltr'><strong> </strong></span> 
     </span>
    </p>
   </div>
  </div>
 </body>
</html>
