2430 3952
266 196 397 252 RERVM
411 196 651 253 RVSTICARVM
670 196 737 251 LIB.
753 196 766 249 1
784 201 855 250 2..4
1024 196 1065 259 17

51 345 153 427 iubet,
167 347 286 407 terram
301 345 445 427 tangere,
459 342 623 427 despuere,
637 342 781 406 ieiunum
795 345 937 407 cantare.
951 341 1066 425 Multa,
1078 351 1119 408 28

51 435 199 516 inquam,
232 432 310 495 item
344 432 407 495 elia
435 432 590 496 miracula
619 431 705 515 apud
733 429 887 495 Sasernas
915 431 1067 515 invenies,

53 543 137 606 quae
165 520 276 586 omnia
306 523 383 583 sunt
406 520 533 584 diversa
556 520 596 584 ab
622 521 693 603 agri
717 520 844 584 cultura
868 523 900 583 et
923 520 996 584 ideo
1019 541 1067 583 re·

52 609 225 694 pudienda.
262 607 362 683 Quasi
376 629 462 691 vero,
479 610 595 693 inquit,
613 631 680 672 non
701 607 787 691 apud
801 613 925 673 ceteros
941 629 1067 692 quoque

25 698 229 782 ascriptores
257 696 339 761 talia
365 697 578 781 reperiantur.
625 720 667 761 an
694 719 759 761 non
785 698 819 761 in
844 699 955 782 magni
978 697 1067 761 illius

54 787 189 854 Catonis
212 786 311 868 libro,
338 787 393 869 qui
418 785 456 849 de
480 787 550 870 agri
574 787 700 850 cultura
723 789 774 850 est
797 786 917 868 editus,
948 785 1069 870 scripta

54 879 132 941 sunt
154 875 316 959 permulta
340 875 528 956 similiasut
551 874 641 957 haec,
664 896 759 958 quem
783 875 824 939 ad
847 875 978 939 modum
999 876 1068 958 pla·

54 968 186 1030 centem
209 963 315 1028 facere
339 967 497 1047 oporteat,
521 985 584 1047 quo
607 966 704 1047 pacto
725 964 836 1047 libum,
859 986 923 1047 qua
942 965 1069 1028 ratione

53 1075 174 1137 pernas
204 1051 343 1116 sallere?
380 1052 466 1116 Illud
488 1074 555 1116 non
578 1052 667 1129 dicis,
697 1053 804 1134 inquit
828 1053 960 1137 Agrius,
983 1050 1070 1137 quod

12 1141 180 1225 rescribit,
203 1139 244 1204 ‘si
267 1140 349 1204 velis
372 1140 406 1203 in
430 1141 580 1206 convivio
606 1142 744 1204 multum
763 1141 874 1205 bibere
893 1162 1069 1224 cenareque

54 1231 210 1307 libenter,
234 1232 308 1293 ante
332 1250 402 1292 esse
420 1233 550 1313 oportet
568 1231 747 1294 brassicam
766 1231 897 1294 crudam
917 1253 955 1295 ex
974 1234 1066 1294 aceto

54 1320 167 1403 aliqua
188 1317 268 1382 folia
291 1317 453 1401 quinque'.

147 1406 263 1490 Igitur,
285 1406 391 1489 inquit
413 1407 582 1491 Agrasius,
606 1429 688 1508 quae
707 1407 902 1491 diiungenda
921 1411 1097 1473 essentaI

54 1496 187 1562 cultura
214 1495 304 1559 cuius
333 1495 422 1559 modi
450 1496 529 1578 sint,
563 1496 715 1596 quoniam
744 1496 862 1559 discret
849 1500 931 1578 tum,
965 1496 1040 1560 de
1031 1497 1071 1559 ris

10 1608 39 1650 rs
56 1584 157 1649 rebus
189 1605 352 1668 quaem
303 1583 327 1663 [
318 1586 365 1664 m]
400 1584 536 1649 scientia
568 1584 647 1648 sit
638 1606 673 1647 rn
701 1584 834 1648 colendo
862 1606 922 1648 nos
951 1583 1072 1668 docete,

56 1695 113 1739 ars
136 1673 171 1735 id
195 1695 236 1736 an
260 1673 336 1754 quid
359 1673 513 1755 aliud,et
499 1673 697 1756 taquibus
720 1674 901 1737 carceribus
925 1672 1073 1737 decurrat

57 1762 239 1826 a.drnetas
280 1759 372 1825 Stolo
396 1783 468 1825 curn
493 1763 674 1913 aspexisset
697 1759 853 1844 Scrofam,
876 1761 968 1840 Tu,
958 1763 1073 1847 lnquit,

56 1855 93 1915 et
116 1853 225 1914 aetate
249 1849 426 1913 ethonore
450 1853 483 1913 et
506 1849 608 1914 scient
609 1851 641 1914 ia
664 1849 750 1934 quod
780 1854 942 1935 praestas,
970 1851 1073 1915 dicere

57 1939 169 2004 debes.
210 1937 269 2002 Ille
293 1959 360 2001 non
383 1942 547 2022 gravatus,
571 1938 724 2021 Primum,
747 1939 864 2023 inquit,
887 1961 953 2004 non
978 1940 1073 2004 modo

10 2031 111 2092 socst
140 2048 205 2111 ars,
242 2025 300 2089 sed
327 2027 426 2090 etiam
453 2028 636 2092 necessaria
664 2049 700 2092 ac
728 2048 861 2112 magna3
895 2051 996 2112 eaque
1025 2033 1075 2092 est

57 2115 207 2198 scientia,
226 2136 308 2198 quae
327 2114 393 2179 sint
411 2116 445 2178 in
464 2138 590 2200 quoque
606 2136 691 2199 agro
711 2117 847 2181 serenda
866 2139 903 2182 ac
917 2117 1073 2200 facienda,

56 2226 127 2290 quo
145 2208 232 2291 terre
250 2204 410 2269 maximos
429 2209 586 2289 perpetuo
606 2205 720 2270 reddat
737 2205 871 2270 fructus.
901 2207 968 2269 eius
988 2206 1072 2289 prin·
1083 2219 1137 2274 111[

57 2293 148 2376 cipia
181 2296 257 2356 sunt
288 2291 413 2373 eadem,
446 2316 528 2377 quae
556 2294 668 2357 mundi
698 2316 768 2358 esse
796 2293 923 2358 Ennius
952 2294 1075 2378 scribit,

58 2403 160 2466 aqua,
187 2384 286 2462 terra,
321 2382 429 2444 anima
456 2384 489 2445 et
517 2384 574 2446 sol.
620 2382 699 2446 haec
728 2383 814 2446 enim
842 2384 1075 2468 cognoscenda,

14 2491 46 2532 ‘rc
60 2471 253 2555 priusquam
267 2470 366 2534 iacias
382 2471 521 2553 semina,
540 2471 626 2554 quod
640 2471 769 2535 initium
783 2472 947 2537 fructuum
964 2472 1075 2536 oritur.

153 2661 318 2730 ldispuere
404 2661 548 2733 4inquit]
574 2661 688 2730 inquam
772 2669 806 2716 14
829 2663 980 2717 discretum
1003 2662 1076 2717 stolo

60 2750 126 2789 cum
142 2733 299 2801 aspexisset
312 2733 432 2788 scrofam
446 2735 478 2787 tu
492 2734 585 2800 inquit
599 2739 628 2787 et
642 2735 735 2789 aetate
750 2736 779 2788 et
793 2734 897 2789 honore
913 2736 942 2788 et
958 2735 1077 2788 scientia

60 2803 140 2886 quod
159 2804 287 2872 praestas
307 2802 399 2858 dicere
418 2804 503 2858 debes
522 2803 571 2858 ille
589 2821 645 2858 non
660 2809 761 2875 grauat
762 2823 794 2859 us
749 2805 876 2859 t''de
857 2823 892 2859 us
907 2806 989 2859 rebus
1005 2821 1077 2874 quae

60 2874 214 2930 inscientia
236 2876 273 2929 sit
294 2873 443 2929 incolendo
466 2894 516 2930 nos
541 2876 624 2930 docet
646 2893 690 2930 ars
714 2877 743 2930 id
767 2893 803 2930 an
826 2876 894 2945 quid
917 2874 994 2929 aliud
1012 2879 1042 2930 et
1060 2892 1078 2928 a

60 2945 167 3016 quibus
186 2945 344 3001 carceribus
363 2944 492 3001 decurrat
511 2947 606 3002 admet
607 2964 637 3001 as
656 2947 777 3016 primum
796 2947 888 3016 inquit
951 2953 985 3001 22
1005 2964 1077 3015 quae

61 3023 139 3072 terra
157 3018 224 3084 (quc
243 3020 318 3071 terra
336 3019 393 3072 cod.
410 3018 488 3083 Pur,
508 3035 635 3087 quaeque
654 3021 730 3072 terra
744 3019 904 3088 opopruptu
918 3023 1078 3083 recentiora,

62 3103 214 3157 quaeaqua
237 3089 314 3143 terra
331 3089 406 3154 Pot,
431 3106 502 3157 quae
526 3107 595 3147 corr.
619 3107 746 3158 quaeque
769 3092 801 3144 u'n
823 3091 969 3172 urcbdppo
992 3090 1078 3156 fuisse

62 3160 184 3227 uidetur)
292 3164 327 3213 24
351 3159 501 3214 animast
489 3161 567 3214 tsol
585 3164 690 3229 (anima
708 3161 750 3216 sol
768 3162 838 3228 Pol,
867 3160 961 3215 anima
983 3164 1012 3215 et
1036 3161 1078 3215 sol

63 3232 131 3286 libri
149 3247 236 3285 manu
253 3231 351 3300 scripti
368 3233 469 3300 omnes)

157 3413 172 3460 1
192 3405 328 3476 despuere
347 3407 492 3462 Iucundos
599 3414 616 3462 4
640 3409 720 3477 quasi
743 3425 809 3463 uero
831 3409 924 3476 inquit
942 3408 986 3478 Ag
969 3408 1078 3462 orasius

71 3478 191 3533 Ursinus
247 3483 280 3532 14
299 3478 387 3532 cleiis
401 3479 536 3533 rebus—
553 3485 585 3535 17
600 3484 658 3534 met
660 3496 690 3535 as
706 3486 769 3536 unte
783 3479 911 3535 Stolo-
964 3486 996 3534 19
1016 3497 1080 3551 gra·

66 3550 148 3604 vatus
167 3550 339 3618 transposuit
357 3551 505 3606 Iucundus

119 3647 208 3688 Vsaso
223 3657 276 3689 sss.
290 3659 359 3690 aven.
903 3645 919 3692 2
