<?xml version="1.0" encoding="UTF-8"?>
<!DOCTYPE html PUBLIC "-//W3C//DTD XHTML 1.0 Transitional//EN"
    "http://www.w3.org/TR/xhtml1/DTD/xhtml1-transitional.dtd">
<html xmlns="http://www.w3.org/1999/xhtml" xml:lang="en" lang="en">
 <head>
  <title>
</title>
<meta http-equiv="Content-Type" content="text/html;charset=utf-8" />
  <meta name='ocr-system' content='tesseract 3.04.00' />
  <meta name='ocr-capabilities' content='ocr_page ocr_carea ocr_par ocr_line ocrx_word'/>
</head>
<body>
  <div class='ocr_page' id='page_1' title='image "./mterentivarroni01keilgoog/mterentivarroni01keilgoog_0185.png"; bbox 0 0 2430 3952; ppageno 0'>
   <div class='ocr_carea' id='block_1_1' title="bbox 122 233 719 299">
    <p class='ocr_par' dir='ltr' id='par_1_1' title="bbox 122 233 719 299">
     <span class='ocr_line' id='line_1_1' title="bbox 122 233 719 299; baseline -0.018 0"><span class='ocrx_word' id='word_1_1' title='bbox 122 235 189 299; x_wconf 84' lang='grc'><strong>164</strong></span> <span class='ocrx_word' id='word_1_2' title='bbox 535 233 719 292; x_wconf 81' lang='lat' dir='ltr'><strong>VARRONIS</strong></span> 
     </span>
    </p>
   </div>
   <div class='ocr_carea' id='block_1_2' title="bbox 89 377 1177 2325">
    <p class='ocr_par' dir='ltr' id='par_1_2' title="bbox 89 377 1177 2325">
     <span class='ocr_line' id='line_1_2' title="bbox 120 377 1136 463; baseline -0.004 -19"><span class='ocrx_word' id='word_1_3' title='bbox 120 383 153 444; x_wconf 90' lang='lat' dir='ltr'><strong>et</strong></span> <span class='ocrx_word' id='word_1_4' title='bbox 176 380 334 444; x_wconf 90' lang='lat' dir='ltr'><strong>salsarum</strong></span> <span class='ocrx_word' id='word_1_5' title='bbox 341 431 349 461; x_wconf 97' lang='lat'><strong>,</strong></span> <span class='ocrx_word' id='word_1_6' title='bbox 373 380 512 444; x_wconf 88' lang='lat' dir='ltr'><strong>alterum</strong></span> <span class='ocrx_word' id='word_1_7' title='bbox 537 379 621 462; x_wconf 93' lang='lat' dir='ltr'><strong>apud</strong></span> <span class='ocrx_word' id='word_1_8' title='bbox 644 378 773 463; x_wconf 91' lang='lat' dir='ltr'><strong>plebem</strong></span> <span class='ocrx_word' id='word_1_9' title='bbox 798 384 830 444; x_wconf 90' lang='lat' dir='ltr'><strong>et</strong></span> <span class='ocrx_word' id='word_1_10' title='bbox 847 400 910 444; x_wconf 79' lang='lat' dir='ltr'><strong>uon</strong></span> <span class='ocrx_word' id='word_1_11' title='bbox 930 379 999 442; x_wconf 90' lang='lat' dir='ltr'><strong>sine</strong></span> <span class='ocrx_word' id='word_1_12' title='bbox 1018 377 1136 462; x_wconf 87' lang='lat' dir='ltr'><strong>fructu,</strong></span> 
     </span>
     <span class='ocr_line' id='line_1_3' title="bbox 120 466 1136 552; baseline -0.002 -20"><span class='ocrx_word' id='word_1_13' title='bbox 120 469 175 532; x_wconf 94' lang='lat' dir='ltr'><strong>ubi</strong></span> <span class='ocrx_word' id='word_1_14' title='bbox 204 468 358 552; x_wconf 83' lang='lat' dir='ltr'>lymphae</span> <span class='ocrx_word' id='word_1_15' title='bbox 391 491 510 552; x_wconf 90' lang='lat' dir='ltr'><strong>aquam</strong></span> <span class='ocrx_word' id='word_1_16' title='bbox 540 469 683 552; x_wconf 81' lang='lat' dir='ltr'><strong>piscibus</strong></span> <span class='ocrx_word' id='word_1_17' title='bbox 711 468 831 532; x_wconf 88' lang='lat' dir='ltr'><strong>nostris</strong></span> <span class='ocrx_word' id='word_1_18' title='bbox 860 467 1011 531; x_wconf 81' lang='lat' dir='ltr'><strong>villaticis</strong></span> <span class='ocrx_word' id='word_1_19' title='bbox 1042 466 1136 530; x_wconf 91' lang='lat' dir='ltr'><strong>mini·</strong></span> 
     </span>
     <span class='ocr_line' id='line_1_4' title="bbox 119 555 1137 639; baseline -0.003 -17"><span class='ocrx_word' id='word_1_20' title='bbox 119 561 238 622; x_wconf 88' lang='lat' dir='ltr'><strong>strant:</strong></span> <span class='ocrx_word' id='word_1_21' title='bbox 272 558 347 621; x_wconf 89' lang='lat' dir='ltr'><strong>illae</strong></span> <span class='ocrx_word' id='word_1_22' title='bbox 371 563 479 622; x_wconf 89' lang='lat' dir='ltr'><strong>autem</strong></span> <span class='ocrx_word' id='word_1_23' title='bbox 503 556 686 620; x_wconf 74' lang='lat' dir='ltr'><strong>maritimae</strong></span> <span class='ocrx_word' id='word_1_24' title='bbox 710 557 853 639; x_wconf 81' lang='lat' dir='ltr'><strong>piscinae</strong></span> <span class='ocrx_word' id='word_1_25' title='bbox 875 555 1045 639; x_wconf 88' lang='lat' dir='ltr'><strong>nobilium,</strong></span> <span class='ocrx_word' id='word_1_26' title='bbox 1069 555 1137 638; x_wconf 89' lang='lat' dir='ltr'><strong>qui·</strong></span> 
     </span>
     <span class='ocr_line' id='line_1_5' title="bbox 119 644 1136 730; baseline -0.001 -20"><span class='ocrx_word' id='word_1_27' title='bbox 119 646 180 710; x_wconf 89' lang='lat' dir='ltr'><strong>bus</strong></span> <span class='ocrx_word' id='word_1_28' title='bbox 199 644 370 729; x_wconf 81' lang='lat' dir='ltr'>Neptunus</span> <span class='ocrx_word' id='word_1_29' title='bbox 395 649 428 709; x_wconf 91' lang='lat' dir='ltr'><strong>et</strong></span> <span class='ocrx_word' id='word_1_30' title='bbox 451 667 567 730; x_wconf 89' lang='lat' dir='ltr'><strong>aquam</strong></span> <span class='ocrx_word' id='word_1_31' title='bbox 592 649 624 708; x_wconf 91' lang='lat' dir='ltr'><strong>et</strong></span> <span class='ocrx_word' id='word_1_32' title='bbox 646 644 746 730; x_wconf 92' lang='lat' dir='ltr'><strong>piscis</strong></span> <span class='ocrx_word' id='word_1_33' title='bbox 770 647 945 727; x_wconf 88' lang='lat' dir='ltr'><strong>ministrat,</strong></span> <span class='ocrx_word' id='word_1_34' title='bbox 967 644 1073 729; x_wconf 80' lang='lat' dir='ltr'><strong>magis</strong></span> <span class='ocrx_word' id='word_1_35' title='bbox 1095 645 1136 709; x_wconf 90' lang='lat' dir='ltr'><strong>ad</strong></span> 
     </span>
     <span class='ocr_line' id='line_1_6' title="bbox 119 733 1177 818; baseline -0.006 -20"><span class='ocrx_word' id='word_1_36' title='bbox 119 735 230 799; x_wconf 91' lang='lat' dir='ltr'><strong>oculos</strong></span> <span class='ocrx_word' id='word_1_37' title='bbox 254 736 430 818; x_wconf 90' lang='lat' dir='ltr'><strong>pertinent,</strong></span> <span class='ocrx_word' id='word_1_38' title='bbox 453 757 551 818; x_wconf 87' lang='lat' dir='ltr'><strong>quam</strong></span> <span class='ocrx_word' id='word_1_39' title='bbox 575 733 615 797; x_wconf 89' lang='lat' dir='ltr'><strong>ad</strong></span> <span class='ocrx_word' id='word_1_40' title='bbox 637 734 788 816; x_wconf 87' lang='lat' dir='ltr'><strong>vesicam,</strong></span> <span class='ocrx_word' id='word_1_41' title='bbox 811 737 844 798; x_wconf 93' lang='lat' dir='ltr'><strong>et</strong></span> <span class='ocrx_word' id='word_1_42' title='bbox 867 735 976 817; x_wconf 90' lang='lat' dir='ltr'><strong>potius</strong></span> <span class='ocrx_word' id='word_1_43' title='bbox 999 735 1133 818; x_wconf 88' lang='lat' dir='ltr'><strong>marsip-</strong></span> <span class='ocrx_word' id='word_1_44' title='bbox 1163 751 1177 791; x_wconf 80' lang='grc' dir='ltr'>ι</span> 
     </span>
     <span class='ocr_line' id='line_1_7' title="bbox 118 822 1136 906; baseline 0 -20"><span class='ocrx_word' id='word_1_45' title='bbox 118 824 208 906; x_wconf 91' lang='lat' dir='ltr'><strong>pium</strong></span> <span class='ocrx_word' id='word_1_46' title='bbox 233 822 356 887; x_wconf 89' lang='lat' dir='ltr'><strong>domini</strong></span> <span class='ocrx_word' id='word_1_47' title='bbox 380 823 579 905; x_wconf 86' lang='lat' dir='ltr'><strong>exinaniunt,</strong></span> <span class='ocrx_word' id='word_1_48' title='bbox 603 844 699 905; x_wconf 90' lang='lat' dir='ltr'><strong>quam</strong></span> <span class='ocrx_word' id='word_1_49' title='bbox 718 823 853 906; x_wconf 89' lang='lat' dir='ltr'><strong>inplent.</strong></span> <span class='ocrx_word' id='word_1_50' title='bbox 889 823 1030 906; x_wconf 90' lang='lat' dir='ltr'><strong>primum</strong></span> <span class='ocrx_word' id='word_1_51' title='bbox 1049 823 1136 886; x_wconf 91' lang='lat' dir='ltr'><strong>enim</strong></span> 
     </span>
     <span class='ocr_line' id='line_1_8' title="bbox 120 911 1136 997; baseline 0.002 -23"><span class='ocrx_word' id='word_1_52' title='bbox 120 911 332 976; x_wconf 86' lang='lat' dir='ltr'><strong>aedificantur</strong></span> <span class='ocrx_word' id='word_1_53' title='bbox 355 933 487 997; x_wconf 85' lang='lat' dir='ltr'><strong>magno,</strong></span> <span class='ocrx_word' id='word_1_54' title='bbox 516 911 655 975; x_wconf 90' lang='lat' dir='ltr'><strong>secundo</strong></span> <span class='ocrx_word' id='word_1_55' title='bbox 678 911 845 994; x_wconf 87' lang='lat' dir='ltr'><strong>inplentur</strong></span> <span class='ocrx_word' id='word_1_56' title='bbox 873 932 1008 996; x_wconf 85' lang='lat' dir='ltr'><strong>magno,</strong></span> <span class='ocrx_word' id='word_1_57' title='bbox 1036 912 1136 976; x_wconf 89' lang='lat' dir='ltr'><strong>tertio</strong></span> 
     </span>
     <span class='ocr_line' id='line_1_9' title="bbox 90 999 1135 1085; baseline -0.004 -19"><span class='ocrx_word' id='word_1_58' title='bbox 90 1001 252 1066; x_wconf 88' lang='lat' dir='ltr'><strong>3aluntur</strong></span> <span class='ocrx_word' id='word_1_59' title='bbox 275 1021 404 1085; x_wconf 86' lang='lat' dir='ltr'><strong>magne.</strong></span> <span class='ocrx_word' id='word_1_60' title='bbox 440 999 557 1064; x_wconf 89' lang='lat' dir='ltr'><strong>Hirrus</strong></span> <span class='ocrx_word' id='word_1_61' title='bbox 580 999 699 1063; x_wconf 89' lang='lat' dir='ltr'><strong>circum</strong></span> <span class='ocrx_word' id='word_1_62' title='bbox 723 1001 865 1083; x_wconf 80' lang='lat' dir='ltr'><strong>piscinas</strong></span> <span class='ocrx_word' id='word_1_63' title='bbox 888 1022 964 1064; x_wconf 91' lang='lat' dir='ltr'><strong>suas</strong></span> <span class='ocrx_word' id='word_1_64' title='bbox 988 1022 1025 1063; x_wconf 84' lang='lat' dir='ltr'><strong>ex</strong></span> <span class='ocrx_word' id='word_1_65' title='bbox 1050 999 1135 1062; x_wconf 88' lang='lat' dir='ltr'><strong>aedi·</strong></span> 
     </span>
     <span class='ocr_line' id='line_1_10' title="bbox 119 1089 1135 1171; baseline 0 -20"><span class='ocrx_word' id='word_1_66' title='bbox 119 1089 202 1153; x_wconf 88' lang='lat' dir='ltr'><strong>ficiis</strong></span> <span class='ocrx_word' id='word_1_67' title='bbox 232 1089 378 1153; x_wconf 91' lang='lat' dir='ltr'><strong>duodena</strong></span> <span class='ocrx_word' id='word_1_68' title='bbox 406 1089 497 1152; x_wconf 90' lang='lat' dir='ltr'><strong>milia</strong></span> <span class='ocrx_word' id='word_1_69' title='bbox 525 1090 674 1152; x_wconf 84' lang='lat' dir='ltr'><strong>sestertia</strong></span> <span class='ocrx_word' id='word_1_70' title='bbox 702 1089 859 1171; x_wconf 91' lang='lat' dir='ltr'><strong>capiebat.</strong></span> <span class='ocrx_word' id='word_1_71' title='bbox 904 1109 976 1153; x_wconf 88' lang='lat' dir='ltr'><strong>eam</strong></span> <span class='ocrx_word' id='word_1_72' title='bbox 1007 1109 1135 1152; x_wconf 89' lang='lat' dir='ltr'><strong>omnem</strong></span> 
     </span>
     <span class='ocr_line' id='line_1_11' title="bbox 120 1176 1176 1260; baseline -0.005 -19"><span class='ocrx_word' id='word_1_73' title='bbox 120 1178 299 1241; x_wconf 85' lang='lat' dir='ltr'><strong>mercedem</strong></span> <span class='ocrx_word' id='word_1_74' title='bbox 319 1177 411 1260; x_wconf 91' lang='lat' dir='ltr'><strong>escis,</strong></span> <span class='ocrx_word' id='word_1_75' title='bbox 430 1198 509 1260; x_wconf 89' lang='lat' dir='ltr'><strong>quas</strong></span> <span class='ocrx_word' id='word_1_76' title='bbox 530 1176 628 1239; x_wconf 89' lang='lat' dir='ltr'><strong>dabat</strong></span> <span class='ocrx_word' id='word_1_77' title='bbox 645 1177 796 1260; x_wconf 88' lang='lat' dir='ltr'><strong>piscibus,</strong></span> <span class='ocrx_word' id='word_1_78' title='bbox 816 1177 1039 1242; x_wconf 80' lang='lat' dir='ltr'><strong>consumebat.</strong></span> <span class='ocrx_word' id='word_1_79' title='bbox 1068 1199 1135 1242; x_wconf 91' lang='lat' dir='ltr'><strong>non</strong></span> <span class='ocrx_word' id='word_1_80' title='bbox 1150 1199 1176 1237; x_wconf 81' lang='grc' dir='ltr'>ιο</span> 
     </span>
     <span class='ocr_line' id='line_1_12' title="bbox 119 1263 1135 1349; baseline 0.002 -21"><span class='ocrx_word' id='word_1_81' title='bbox 119 1266 251 1329; x_wconf 91' lang='lat' dir='ltr'><strong>mirum:</strong></span> <span class='ocrx_word' id='word_1_82' title='bbox 284 1287 347 1329; x_wconf 92' lang='lat' dir='ltr'><strong>uno</strong></span> <span class='ocrx_word' id='word_1_83' title='bbox 371 1268 517 1349; x_wconf 89' lang='lat' dir='ltr'><strong>tempore</strong></span> <span class='ocrx_word' id='word_1_84' title='bbox 542 1266 629 1328; x_wconf 92' lang='lat' dir='ltr'><strong>enim</strong></span> <span class='ocrx_word' id='word_1_85' title='bbox 652 1266 784 1329; x_wconf 89' lang='lat' dir='ltr'><strong>memini</strong></span> <span class='ocrx_word' id='word_1_86' title='bbox 807 1265 892 1329; x_wconf 89' lang='lat' dir='ltr'><strong>hunc</strong></span> <span class='ocrx_word' id='word_1_87' title='bbox 916 1263 1048 1330; x_wconf 81' lang='lat' dir='ltr'><strong>Caesari</strong></span> <span class='ocrx_word' id='word_1_88' title='bbox 1072 1265 1135 1330; x_wconf 94' lang='lat' dir='ltr'><strong>duo</strong></span> 
     </span>
     <span class='ocr_line' id='line_1_13' title="bbox 119 1353 1137 1438; baseline 0.001 -21"><span class='ocrx_word' id='word_1_89' title='bbox 119 1353 211 1417; x_wconf 91' lang='lat' dir='ltr'><strong>milia</strong></span> <span class='ocrx_word' id='word_1_90' title='bbox 235 1375 441 1418; x_wconf 85' lang='lat' dir='ltr'><strong>murenarum</strong></span> <span class='ocrx_word' id='word_1_91' title='bbox 465 1357 577 1418; x_wconf 89' lang='lat' dir='ltr'><strong>mutua</strong></span> <span class='ocrx_word' id='word_1_92' title='bbox 602 1353 727 1418; x_wconf 89' lang='lat' dir='ltr'><strong>dedisse</strong></span> <span class='ocrx_word' id='word_1_93' title='bbox 750 1355 784 1418; x_wconf 90' lang='lat' dir='ltr'><strong>in</strong></span> <span class='ocrx_word' id='word_1_94' title='bbox 805 1354 932 1438; x_wconf 81' lang='lat' dir='ltr'><strong>pondus</strong></span> <span class='ocrx_word' id='word_1_95' title='bbox 952 1358 984 1418; x_wconf 92' lang='lat' dir='ltr'><strong>et</strong></span> <span class='ocrx_word' id='word_1_96' title='bbox 1002 1358 1137 1437; x_wconf 90' lang='lat' dir='ltr'><strong>propter</strong></span> 
     </span>
     <span class='ocr_line' id='line_1_14' title="bbox 119 1442 1137 1526; baseline 0.003 -21"><span class='ocrx_word' id='word_1_97' title='bbox 119 1442 256 1525; x_wconf 88' lang='lat' dir='ltr'><strong>piscium</strong></span> <span class='ocrx_word' id='word_1_98' title='bbox 285 1443 527 1518; x_wconf 86' lang='lat' dir='ltr'><strong>multitudinem</strong></span> <span class='ocrx_word' id='word_1_99' title='bbox 556 1443 748 1526; x_wconf 85' lang='lat' dir='ltr'><strong>quadragies</strong></span> <span class='ocrx_word' id='word_1_100' title='bbox 778 1443 926 1507; x_wconf 90' lang='lat' dir='ltr'><strong>sestertio</strong></span> <span class='ocrx_word' id='word_1_101' title='bbox 951 1443 1062 1506; x_wconf 85' lang='lat' dir='ltr'><strong>villam</strong></span> <span class='ocrx_word' id='word_1_102' title='bbox 1084 1465 1137 1508; x_wconf 87' lang='lat' dir='ltr'><strong>ve·</strong></span> 
     </span>
     <span class='ocr_line' id='line_1_15' title="bbox 119 1530 1137 1614; baseline 0.002 -20"><span class='ocrx_word' id='word_1_103' title='bbox 119 1530 216 1596; x_wconf 90' lang='lat' dir='ltr'><strong>nisse.</strong></span> <span class='ocrx_word' id='word_1_104' title='bbox 262 1553 344 1614; x_wconf 89' lang='lat' dir='ltr'><strong>quae</strong></span> <span class='ocrx_word' id='word_1_105' title='bbox 376 1536 490 1596; x_wconf 89' lang='lat' dir='ltr'><strong>nostra</strong></span> <span class='ocrx_word' id='word_1_106' title='bbox 522 1532 646 1614; x_wconf 83' lang='lat' dir='ltr'><strong>piscina</strong></span> <span class='ocrx_word' id='word_1_107' title='bbox 677 1531 802 1613; x_wconf 89' lang='lat' dir='ltr'><strong>plebeia</strong></span> <span class='ocrx_word' id='word_1_108' title='bbox 836 1553 872 1596; x_wconf 88' lang='lat' dir='ltr'><strong>ac</strong></span> <span class='ocrx_word' id='word_1_109' title='bbox 901 1531 1137 1596; x_wconf 88' lang='lat' dir='ltr'><strong>mediterranea</strong></span> 
     </span>
     <span class='ocr_line' id='line_1_16' title="bbox 119 1620 1177 1703; baseline -0.002 -20"><span class='ocrx_word' id='word_1_110' title='bbox 119 1626 206 1683; x_wconf 86' lang='lat' dir='ltr'><strong>recte</strong></span> <span class='ocrx_word' id='word_1_111' title='bbox 231 1620 347 1684; x_wconf 88' lang='lat' dir='ltr'><strong>dicitur</strong></span> <span class='ocrx_word' id='word_1_112' title='bbox 370 1620 473 1684; x_wconf 89' lang='lat' dir='ltr'><strong>duleis</strong></span> <span class='ocrx_word' id='word_1_113' title='bbox 497 1625 530 1683; x_wconf 88' lang='lat' dir='ltr'><strong>et</strong></span> <span class='ocrx_word' id='word_1_114' title='bbox 552 1620 610 1683; x_wconf 90' lang='lat' dir='ltr'><strong>illa</strong></span> <span class='ocrx_word' id='word_1_115' title='bbox 633 1642 752 1683; x_wconf 85' lang='lat' dir='ltr'><strong>amara.</strong></span> <span class='ocrx_word' id='word_1_116' title='bbox 790 1620 862 1703; x_wconf 90' lang='lat' dir='ltr'><strong>quis</strong></span> <span class='ocrx_word' id='word_1_117' title='bbox 884 1621 968 1685; x_wconf 91' lang='lat' dir='ltr'><strong>enim</strong></span> <span class='ocrx_word' id='word_1_118' title='bbox 988 1626 1136 1684; x_wconf 85' lang='lat' dir='ltr'><strong>nostrum</strong></span> <span class='ocrx_word' id='word_1_119' title='bbox 1151 1641 1177 1681; x_wconf 77' lang='grc' dir='ltr'><strong>ιι</strong></span> 
     </span>
     <span class='ocr_line' id='line_1_17' title="bbox 120 1709 1136 1793; baseline 0.001 -22"><span class='ocrx_word' id='word_1_120' title='bbox 120 1728 185 1772; x_wconf 82' lang='grc' dir='ltr'>ιιοιι</span> <span class='ocrx_word' id='word_1_121' title='bbox 209 1731 274 1772; x_wconf 90' lang='lat' dir='ltr'><strong>una</strong></span> <span class='ocrx_word' id='word_1_122' title='bbox 297 1711 468 1772; x_wconf 86' lang='lat' dir='ltr'><strong>contentus</strong></span> <span class='ocrx_word' id='word_1_123' title='bbox 494 1713 543 1772; x_wconf 89' lang='lat' dir='ltr'><strong>est</strong></span> <span class='ocrx_word' id='word_1_124' title='bbox 560 1709 621 1772; x_wconf 91' lang='lat' dir='ltr'><strong>hac</strong></span> <span class='ocrx_word' id='word_1_125' title='bbox 640 1709 787 1791; x_wconf 82' lang='lat' dir='ltr'><strong>piscina?</strong></span> <span class='ocrx_word' id='word_1_126' title='bbox 818 1709 889 1793; x_wconf 89' lang='lat' dir='ltr'><strong>quis</strong></span> <span class='ocrx_word' id='word_1_127' title='bbox 909 1711 1023 1773; x_wconf 89' lang='lat' dir='ltr'><strong>contra</strong></span> <span class='ocrx_word' id='word_1_128' title='bbox 1041 1710 1136 1772; x_wconf 86' lang='lat' dir='ltr'><strong>mari-</strong></span> 
     </span>
     <span class='ocr_line' id='line_1_18' title="bbox 119 1797 1135 1882; baseline 0.003 -23"><span class='ocrx_word' id='word_1_129' title='bbox 119 1801 228 1861; x_wconf 91' lang='lat' dir='ltr'><strong>tumas</strong></span> <span class='ocrx_word' id='word_1_130' title='bbox 265 1818 332 1860; x_wconf 92' lang='lat' dir='ltr'><strong>non</strong></span> <span class='ocrx_word' id='word_1_131' title='bbox 364 1819 403 1862; x_wconf 84' lang='lat' dir='ltr'><strong>ex</strong></span> <span class='ocrx_word' id='word_1_132' title='bbox 434 1797 568 1882; x_wconf 87' lang='lat' dir='ltr'><strong>piscinis</strong></span> <span class='ocrx_word' id='word_1_133' title='bbox 602 1797 741 1882; x_wconf 83' lang='lat' dir='ltr'><strong>singulis</strong></span> <span class='ocrx_word' id='word_1_134' title='bbox 775 1799 912 1879; x_wconf 91' lang='lat' dir='ltr'><strong>[plures]</strong></span> <span class='ocrx_word' id='word_1_135' title='bbox 946 1798 1135 1862; x_wconf 87' lang='lat' dir='ltr'><strong>coniunctas</strong></span> 
     </span>
     <span class='ocr_line' id='line_1_19' title="bbox 89 1885 1135 1968; baseline 0.001 -19"><span class='ocrx_word' id='word_1_136' title='bbox 89 1885 221 1950; x_wconf 70' lang='lat' dir='ltr'><strong>chaber</strong></span> <span class='ocrx_word' id='word_1_137' title='bbox 243 1885 368 1968; x_wconf 76' lang='lat' dir='ltr'><strong>pluris?</strong></span> <span class='ocrx_word' id='word_1_138' title='bbox 398 1909 475 1949; x_wconf 91' lang='lat' dir='ltr'><strong>nam</strong></span> <span class='ocrx_word' id='word_1_139' title='bbox 498 1892 535 1950; x_wconf 88' lang='lat' dir='ltr'><strong>ut</strong></span> <span class='ocrx_word' id='word_1_140' title='bbox 553 1885 690 1950; x_wconf 89' lang='lat' dir='ltr'><strong>Pausias</strong></span> <span class='ocrx_word' id='word_1_141' title='bbox 710 1888 743 1948; x_wconf 92' lang='lat' dir='ltr'><strong>et</strong></span> <span class='ocrx_word' id='word_1_142' title='bbox 766 1885 866 1949; x_wconf 89' lang='lat' dir='ltr'><strong>ceteri</strong></span> <span class='ocrx_word' id='word_1_143' title='bbox 889 1887 1029 1968; x_wconf 89' lang='lat' dir='ltr'><strong>pictores</strong></span> <span class='ocrx_word' id='word_1_144' title='bbox 1053 1885 1135 1950; x_wconf 89' lang='lat' dir='ltr'><strong>eius·</strong></span> 
     </span>
     <span class='ocr_line' id='line_1_20' title="bbox 121 1973 1136 2057; baseline 0.003 -21"><span class='ocrx_word' id='word_1_145' title='bbox 121 1975 193 2038; x_wconf 90' lang='lat' dir='ltr'><strong>dem</strong></span> <span class='ocrx_word' id='word_1_146' title='bbox 225 1973 352 2057; x_wconf 86' lang='lat' dir='ltr'><strong>generis</strong></span> <span class='ocrx_word' id='word_1_147' title='bbox 384 1975 542 2038; x_wconf 89' lang='lat' dir='ltr'><strong>loculatas</strong></span> <span class='ocrx_word' id='word_1_148' title='bbox 576 1994 713 2056; x_wconf 84' lang='lat' dir='ltr'><strong>magnas</strong></span> <span class='ocrx_word' id='word_1_149' title='bbox 745 1973 868 2038; x_wconf 87' lang='lat' dir='ltr'><strong>habent</strong></span> <span class='ocrx_word' id='word_1_150' title='bbox 902 1975 1042 2053; x_wconf 88' lang='lat' dir='ltr'><strong>arculas,</strong></span> <span class='ocrx_word' id='word_1_151' title='bbox 1078 1975 1136 2039; x_wconf 93' lang='lat' dir='ltr'><strong>ubi</strong></span> 
     </span>
     <span class='ocr_line' id='line_1_21' title="bbox 122 2062 1177 2148; baseline -0.001 -24"><span class='ocrx_word' id='word_1_152' title='bbox 122 2063 295 2126; x_wconf 90' lang='lat' dir='ltr'><strong>discolores</strong></span> <span class='ocrx_word' id='word_1_153' title='bbox 320 2063 386 2125; x_wconf 88' lang='lat' dir='ltr'><strong>sint</strong></span> <span class='ocrx_word' id='word_1_154' title='bbox 410 2084 510 2145; x_wconf 88' lang='lat' dir='ltr'><strong>cerae,</strong></span> <span class='ocrx_word' id='word_1_155' title='bbox 534 2063 581 2126; x_wconf 91' lang='lat' dir='ltr'><strong>sic</strong></span> <span class='ocrx_word' id='word_1_156' title='bbox 604 2062 640 2125; x_wconf 91' lang='lat' dir='ltr'><strong>hi</strong></span> <span class='ocrx_word' id='word_1_157' title='bbox 662 2063 821 2126; x_wconf 89' lang='lat' dir='ltr'><strong>loculatas</strong></span> <span class='ocrx_word' id='word_1_158' title='bbox 844 2062 966 2127; x_wconf 88' lang='lat' dir='ltr'><strong>habent</strong></span> <span class='ocrx_word' id='word_1_159' title='bbox 984 2063 1136 2148; x_wconf 77' lang='lat' dir='ltr'><strong>piscinas,</strong></span> <span class='ocrx_word' id='word_1_160' title='bbox 1151 2083 1177 2123; x_wconf 82' lang='lat' dir='ltr'><strong>sc</strong></span> 
     </span>
     <span class='ocr_line' id='line_1_22' title="bbox 120 2148 1136 2235; baseline 0.002 -21"><span class='ocrx_word' id='word_1_161' title='bbox 120 2149 178 2214; x_wconf 92' lang='lat' dir='ltr'><strong>nbi</strong></span> <span class='ocrx_word' id='word_1_162' title='bbox 207 2150 353 2233; x_wconf 89' lang='lat' dir='ltr'><strong>dispares</strong></span> <span class='ocrx_word' id='word_1_163' title='bbox 381 2151 538 2215; x_wconf 84' lang='lat' dir='ltr'><strong>disclusus</strong></span> <span class='ocrx_word' id='word_1_164' title='bbox 566 2150 689 2214; x_wconf 89' lang='lat' dir='ltr'><strong>habent</strong></span> <span class='ocrx_word' id='word_1_165' title='bbox 720 2152 839 2235; x_wconf 86' lang='lat' dir='ltr'><strong>pisces,</strong></span> <span class='ocrx_word' id='word_1_166' title='bbox 874 2174 970 2235; x_wconf 91' lang='lat' dir='ltr'><strong>quos,</strong></span> <span class='ocrx_word' id='word_1_167' title='bbox 1001 2148 1136 2235; x_wconf 88' lang='lat' dir='ltr'><strong>proinde</strong></span> 
     </span>
     <span class='ocr_line' id='line_1_23' title="bbox 121 2238 1169 2325; baseline 0.004 -23"><span class='ocrx_word' id='word_1_168' title='bbox 121 2242 158 2302; x_wconf 88' lang='lat' dir='ltr'><strong>ut</strong></span> <span class='ocrx_word' id='word_1_169' title='bbox 187 2238 271 2303; x_wconf 88' lang='lat' dir='ltr'><strong>sacri</strong></span> <span class='ocrx_word' id='word_1_170' title='bbox 299 2240 366 2303; x_wconf 91' lang='lat' dir='ltr'><strong>sint</strong></span> <span class='ocrx_word' id='word_1_171' title='bbox 393 2261 430 2304; x_wconf 90' lang='lat' dir='ltr'><strong>ae</strong></span> <span class='ocrx_word' id='word_1_172' title='bbox 455 2240 632 2304; x_wconf 86' lang='lat' dir='ltr'><strong>sanctiores</strong></span> <span class='ocrx_word' id='word_1_173' title='bbox 657 2262 754 2323; x_wconf 90' lang='lat' dir='ltr'><strong>quam</strong></span> <span class='ocrx_word' id='word_1_174' title='bbox 777 2241 829 2303; x_wconf 93' lang='lat' dir='ltr'><strong>illi</strong></span> <span class='ocrx_word' id='word_1_175' title='bbox 852 2240 887 2304; x_wconf 88' lang='lat' dir='ltr'><strong>in</strong></span> <span class='ocrx_word' id='word_1_176' title='bbox 909 2238 1024 2324; x_wconf 89' lang='lat' dir='ltr'><strong>Lydia,</strong></span> <span class='ocrx_word' id='word_1_177' title='bbox 1054 2262 1136 2325; x_wconf 93' lang='lat' dir='ltr'><strong>quos</strong></span> <span class='ocrx_word' id='word_1_178' title='bbox 1168 2246 1169 2250; x_wconf 73' lang='grc'>’</span> 
     </span>
    </p>
   </div>
   <div class='ocr_carea' id='block_1_3' title="bbox 92 2327 1178 2767">
    <p class='ocr_par' dir='ltr' id='par_1_3' title="bbox 92 2327 1178 2767">
     <span class='ocr_line' id='line_1_24' title="bbox 123 2327 1138 2415; baseline 0.001 -23"><span class='ocrx_word' id='word_1_179' title='bbox 123 2327 319 2392; x_wconf 87' lang='lat' dir='ltr'><strong>sacrificanti</strong></span> <span class='ocrx_word' id='word_1_180' title='bbox 346 2328 422 2411; x_wconf 90' lang='lat' dir='ltr'><strong>tibi,</strong></span> <span class='ocrx_word' id='word_1_181' title='bbox 450 2327 569 2412; x_wconf 86' lang='lat' dir='ltr'><strong>Varro,</strong></span> <span class='ocrx_word' id='word_1_182' title='bbox 598 2328 637 2391; x_wconf 90' lang='lat' dir='ltr'><strong>ad</strong></span> <span class='ocrx_word' id='word_1_183' title='bbox 665 2329 832 2392; x_wconf 89' lang='lat' dir='ltr'><strong>tibicinem</strong></span> <span class='ocrx_word' id='word_1_184' title='bbox 862 2331 1041 2412; x_wconf 83' lang='lat' dir='ltr'><strong>[graecum]</strong></span> <span class='ocrx_word' id='word_1_185' title='bbox 1067 2351 1138 2415; x_wconf 86' lang='lat' dir='ltr'><strong>gre·</strong></span> 
     </span>
     <span class='ocr_line' id='line_1_25' title="bbox 123 2417 1137 2501; baseline 0.002 -22"><span class='ocrx_word' id='word_1_186' title='bbox 123 2417 228 2501; x_wconf 84' lang='lat' dir='ltr'><strong>gatim</strong></span> <span class='ocrx_word' id='word_1_187' title='bbox 251 2418 378 2481; x_wconf 89' lang='lat' dir='ltr'><strong>venisse</strong></span> <span class='ocrx_word' id='word_1_188' title='bbox 401 2417 529 2481; x_wconf 88' lang='lat' dir='ltr'><strong>dicebas</strong></span> <span class='ocrx_word' id='word_1_189' title='bbox 554 2417 593 2481; x_wconf 93' lang='lat' dir='ltr'><strong>ad</strong></span> <span class='ocrx_word' id='word_1_190' title='bbox 617 2421 796 2481; x_wconf 86' lang='lat' dir='ltr'><strong>extremum</strong></span> <span class='ocrx_word' id='word_1_191' title='bbox 819 2419 897 2481; x_wconf 91' lang='lat' dir='ltr'><strong>litus</strong></span> <span class='ocrx_word' id='word_1_192' title='bbox 920 2421 1017 2500; x_wconf 88' lang='lat' dir='ltr'><strong>atque</strong></span> <span class='ocrx_word' id='word_1_193' title='bbox 1037 2440 1137 2500; x_wconf 90' lang='lat' dir='ltr'><strong>aram,</strong></span> 
     </span>
     <span class='ocr_line' id='line_1_26' title="bbox 122 2505 1178 2590; baseline -0.003 -22"><span class='ocrx_word' id='word_1_194' title='bbox 122 2505 207 2589; x_wconf 90' lang='lat' dir='ltr'><strong>quod</strong></span> <span class='ocrx_word' id='word_1_195' title='bbox 237 2527 291 2569; x_wconf 92' lang='lat' dir='ltr'><strong>eos</strong></span> <span class='ocrx_word' id='word_1_196' title='bbox 321 2527 434 2588; x_wconf 88' lang='lat' dir='ltr'><strong>capere</strong></span> <span class='ocrx_word' id='word_1_197' title='bbox 463 2506 595 2570; x_wconf 89' lang='lat' dir='ltr'><strong>auderet</strong></span> <span class='ocrx_word' id='word_1_198' title='bbox 622 2528 729 2587; x_wconf 91' lang='lat' dir='ltr'><strong>nemo,</strong></span> <span class='ocrx_word' id='word_1_199' title='bbox 757 2528 831 2570; x_wconf 90' lang='lat' dir='ltr'><strong>cum</strong></span> <span class='ocrx_word' id='word_1_200' title='bbox 853 2506 967 2570; x_wconf 88' lang='lat' dir='ltr'><strong>eodem</strong></span> <span class='ocrx_word' id='word_1_201' title='bbox 990 2509 1178 2590; x_wconf 74' lang='lat' dir='ltr'><strong>temporem</strong></span> 
     </span>
     <span class='ocr_line' id='line_1_27' title="bbox 122 2593 1136 2678; baseline 0.003 -22"><span class='ocrx_word' id='word_1_202' title='bbox 122 2595 247 2658; x_wconf 89' lang='lat' dir='ltr'><strong>insulas</strong></span> <span class='ocrx_word' id='word_1_203' title='bbox 266 2593 429 2677; x_wconf 85' lang='lat' dir='ltr'><strong>Lydorum</strong></span> <span class='ocrx_word' id='word_1_204' title='bbox 448 2594 494 2657; x_wconf 91' lang='lat' dir='ltr'><strong>ibi</strong></span> <span class='ocrx_word' id='word_1_205' title='bbox 512 2594 716 2678; x_wconf 79' lang='grc' dir='ltr'><strong><em>χορευούσας</em></strong></span> <span class='ocrx_word' id='word_1_206' title='bbox 735 2595 878 2678; x_wconf 88' lang='lat' dir='ltr'><strong>vidisses,</strong></span> <span class='ocrx_word' id='word_1_207' title='bbox 897 2596 943 2658; x_wconf 89' lang='lat' dir='ltr'><strong>sic</strong></span> <span class='ocrx_word' id='word_1_208' title='bbox 961 2594 1022 2659; x_wconf 87' lang='lat' dir='ltr'><strong>hos</strong></span> <span class='ocrx_word' id='word_1_209' title='bbox 1036 2596 1136 2678; x_wconf 91' lang='lat' dir='ltr'><strong>piscis</strong></span> 
     </span>
     <span class='ocr_line' id='line_1_28' title="bbox 92 2682 1137 2767; baseline 0 -20"><span class='ocrx_word' id='word_1_210' title='bbox 92 2689 217 2747; x_wconf 87' lang='lat' dir='ltr'><strong>5nemo</strong></span> <span class='ocrx_word' id='word_1_211' title='bbox 242 2704 338 2747; x_wconf 90' lang='lat' dir='ltr'><strong>cocus</strong></span> <span class='ocrx_word' id='word_1_212' title='bbox 361 2683 395 2746; x_wconf 93' lang='lat' dir='ltr'><strong>in</strong></span> <span class='ocrx_word' id='word_1_213' title='bbox 418 2683 468 2747; x_wconf 92' lang='lat' dir='ltr'><strong>ius</strong></span> <span class='ocrx_word' id='word_1_214' title='bbox 488 2705 602 2748; x_wconf 87' lang='lat' dir='ltr'><strong>vocare</strong></span> <span class='ocrx_word' id='word_1_215' title='bbox 627 2684 732 2746; x_wconf 88' lang='lat' dir='ltr'><strong>audet.</strong></span> <span class='ocrx_word' id='word_1_216' title='bbox 774 2682 913 2759; x_wconf 81' lang='lat' dir='ltr'><strong>Quintus</strong></span> <span class='ocrx_word' id='word_1_217' title='bbox 931 2682 1137 2767; x_wconf 88' lang='lat' dir='ltr'><strong>Hortensius,</strong></span> 
     </span>
    </p>
   </div>
   <div class='ocr_carea' id='block_1_4' title="bbox 121 2820 1138 3314">
    <p class='ocr_par' dir='ltr' id='par_1_4' title="bbox 121 2820 1138 3314">
     <span class='ocr_line' id='line_1_29' title="bbox 213 2820 1138 2890; baseline 0.001 -17"><span class='ocrx_word' id='word_1_218' title='bbox 213 2827 226 2873; x_wconf 89' lang='lat'>1</span> <span class='ocrx_word' id='word_1_219' title='bbox 247 2838 303 2875; x_wconf 89' lang='lat' dir='ltr'><strong>non</strong></span> <span class='ocrx_word' id='word_1_220' title='bbox 326 2837 376 2877; x_wconf 87' lang='lat' dir='ltr'><strong>om.</strong></span> <span class='ocrx_word' id='word_1_221' title='bbox 450 2826 466 2874; x_wconf 94' lang='grc'><strong>2</strong></span> <span class='ocrx_word' id='word_1_222' title='bbox 488 2821 642 2890; x_wconf 86' lang='lat' dir='ltr'><strong>piscinibus</strong></span> <span class='ocrx_word' id='word_1_223' title='bbox 670 2821 771 2874; x_wconf 88' lang='lat' dir='ltr'><strong>nostris</strong></span> <span class='ocrx_word' id='word_1_224' title='bbox 796 2820 923 2890; x_wconf 86' lang='lat' dir='ltr'><strong>(piscinis</strong></span> <span class='ocrx_word' id='word_1_225' title='bbox 946 2821 1048 2876; x_wconf 87' lang='lat' dir='ltr'><strong>nostris</strong></span> <span class='ocrx_word' id='word_1_226' title='bbox 1071 2821 1098 2874; x_wconf 90' lang='lat' dir='ltr'><strong><em>V</em></strong></span> <span class='ocrx_word' id='word_1_227' title='bbox 1113 2827 1138 2875; x_wconf 84' lang='lat' dir='ltr'><strong>et</strong></span> 
     </span>
     <span class='ocr_line' id='line_1_30' title="bbox 122 2891 1137 2961; baseline 0 -17"><span class='ocrx_word' id='word_1_228' title='bbox 122 2892 260 2945; x_wconf 78' lang='lat' dir='ltr'><strong>annualia</strong></span> <span class='ocrx_word' id='word_1_229' title='bbox 283 2893 459 2961; x_wconf 74' lang='lat' dir='ltr'><strong>cpoprupta)</strong></span> <span class='ocrx_word' id='word_1_230' title='bbox 539 2895 607 2946; x_wconf 87' lang='lat' dir='ltr'><strong>4ut</strong></span> <span class='ocrx_word' id='word_1_231' title='bbox 624 2909 725 2959; x_wconf 90' lang='lat' dir='ltr'><strong>aquam</strong></span> <span class='ocrx_word' id='word_1_232' title='bbox 745 2893 775 2947; x_wconf 88' lang='lat' dir='ltr'><strong>et</strong></span> <span class='ocrx_word' id='word_1_233' title='bbox 791 2892 915 2961; x_wconf 88' lang='lat' dir='ltr'><strong>piscibus</strong></span> <span class='ocrx_word' id='word_1_234' title='bbox 987 2891 1137 2960; x_wconf 75' lang='lat' dir='ltr'><strong>omassip-</strong></span> 
     </span>
     <span class='ocr_line' id='line_1_31' title="bbox 124 2963 1136 3031; baseline -0.002 -15"><span class='ocrx_word' id='word_1_235' title='bbox 124 2963 202 3031; x_wconf 92' lang='lat' dir='ltr'><strong>pium</strong></span> <span class='ocrx_word' id='word_1_236' title='bbox 274 2963 412 3016; x_wconf 91' lang='lat' dir='ltr'><strong>8hirrius</strong></span> <span class='ocrx_word' id='word_1_237' title='bbox 484 2964 638 3017; x_wconf 80' lang='lat' dir='ltr'><strong>9sestaria</strong></span> <span class='ocrx_word' id='word_1_238' title='bbox 702 2967 736 3016; x_wconf 89' lang='grc'><strong>14</strong></span> <span class='ocrx_word' id='word_1_239' title='bbox 754 2963 863 3031; x_wconf 90' lang='lat' dir='ltr'><strong>piscina</strong></span> <span class='ocrx_word' id='word_1_240' title='bbox 881 2979 915 3018; x_wconf 91' lang='lat' dir='ltr'><strong>ac</strong></span> <span class='ocrx_word' id='word_1_241' title='bbox 934 2963 1136 3016; x_wconf 88' lang='lat' dir='ltr'><strong>mediterranea</strong></span> 
     </span>
     <span class='ocr_line' id='line_1_32' title="bbox 121 3031 1137 3101; baseline 0.002 -16"><span class='ocrx_word' id='word_1_242' title='bbox 121 3031 237 3101; x_wconf 88' lang='lat' dir='ltr'><strong>plebeia</strong></span> <span class='ocrx_word' id='word_1_243' title='bbox 275 3040 307 3086; x_wconf 84' lang='lat'><strong>15</strong></span> <span class='ocrx_word' id='word_1_244' title='bbox 327 3034 418 3088; x_wconf 88' lang='lat' dir='ltr'><strong>dulcis</strong></span> <span class='ocrx_word' id='word_1_245' title='bbox 438 3034 467 3087; x_wconf 90' lang='lat' dir='ltr'><strong>et</strong></span> <span class='ocrx_word' id='word_1_246' title='bbox 485 3033 538 3087; x_wconf 88' lang='lat' dir='ltr'><strong>illa</strong></span> <span class='ocrx_word' id='word_1_247' title='bbox 551 3038 580 3088; x_wconf 91' lang='lat' dir='ltr'><strong>et</strong></span> <span class='ocrx_word' id='word_1_248' title='bbox 592 3033 644 3089; x_wconf 88' lang='lat' dir='ltr'><strong>illa</strong></span> <span class='ocrx_word' id='word_1_249' title='bbox 657 3050 752 3088; x_wconf 87' lang='lat' dir='ltr'><strong>amara</strong></span> <span class='ocrx_word' id='word_1_250' title='bbox 767 3034 867 3101; x_wconf 88' lang='lat' dir='ltr'><strong>(dulcis</strong></span> <span class='ocrx_word' id='word_1_251' title='bbox 882 3034 911 3087; x_wconf 88' lang='lat' dir='ltr'><strong>et</strong></span> <span class='ocrx_word' id='word_1_252' title='bbox 924 3033 975 3087; x_wconf 90' lang='lat' dir='ltr'><strong>illa</strong></span> <span class='ocrx_word' id='word_1_253' title='bbox 988 3049 1083 3088; x_wconf 85' lang='lat' dir='ltr'><strong>amara</strong></span> <span class='ocrx_word' id='word_1_254' title='bbox 1097 3033 1137 3101; x_wconf 80' lang='lat' dir='ltr'><strong>V)</strong></span> 
     </span>
     <span class='ocr_line' id='line_1_33' title="bbox 122 3103 1138 3174; baseline 0 -18"><span class='ocrx_word' id='word_1_255' title='bbox 122 3108 157 3157; x_wconf 90' lang='grc'><strong>20</strong></span> <span class='ocrx_word' id='word_1_256' title='bbox 183 3104 276 3174; x_wconf 88' lang='lat' dir='ltr'><strong>cerae]</strong></span> <span class='ocrx_word' id='word_1_257' title='bbox 302 3107 394 3159; x_wconf 88' lang='lat' dir='ltr'><strong>cetera</strong></span> <span class='ocrx_word' id='word_1_258' title='bbox 465 3104 511 3159; x_wconf 91' lang='lat' dir='ltr'><strong>hic</strong></span> <span class='ocrx_word' id='word_1_259' title='bbox 534 3106 671 3159; x_wconf 84' lang='lat' dir='ltr'><strong>loculatas</strong></span> <span class='ocrx_word' id='word_1_260' title='bbox 694 3105 780 3159; x_wconf 91' lang='lat' dir='ltr'><strong>habet</strong></span> <span class='ocrx_word' id='word_1_261' title='bbox 856 3110 890 3158; x_wconf 87' lang='grc'><strong>23</strong></span> <span class='ocrx_word' id='word_1_262' title='bbox 914 3105 1072 3158; x_wconf 80' lang='lat' dir='ltr'><strong>sacrificant</strong></span> <span class='ocrx_word' id='word_1_263' title='bbox 1097 3103 1138 3158; x_wconf 91' lang='lat' dir='ltr'><strong>ibi</strong></span> 
     </span>
     <span class='ocr_line' id='line_1_34' title="bbox 123 3174 1137 3246; baseline 0.001 -18"><span class='ocrx_word' id='word_1_264' title='bbox 123 3179 157 3228; x_wconf 86' lang='grc'><strong>23</strong></span> <span class='ocrx_word' id='word_1_265' title='bbox 177 3174 332 3228; x_wconf 89' lang='lat' dir='ltr'><strong>tubicinam</strong></span> <span class='ocrx_word' id='word_1_266' title='bbox 369 3179 404 3228; x_wconf 87' lang='grc'><strong>24</strong></span> <span class='ocrx_word' id='word_1_267' title='bbox 424 3175 514 3244; x_wconf 88' lang='lat' dir='ltr'><strong>adque</strong></span> <span class='ocrx_word' id='word_1_268' title='bbox 551 3181 585 3229; x_wconf 89' lang='grc'><strong>26</strong></span> <span class='ocrx_word' id='word_1_269' title='bbox 604 3175 826 3230; x_wconf 88' lang='lat' dir='ltr'><strong>ludonorumibi</strong></span> <span class='ocrx_word' id='word_1_270' title='bbox 842 3191 971 3229; x_wconf 84' lang='lat' dir='ltr'><strong>cereusas</strong></span> <span class='ocrx_word' id='word_1_271' title='bbox 1008 3175 1073 3246; x_wconf 89' lang='lat' dir='ltr'><strong>hos]</strong></span> <span class='ocrx_word' id='word_1_272' title='bbox 1087 3192 1137 3229; x_wconf 90' lang='lat' dir='ltr'><strong>nos</strong></span> 
     </span>
     <span class='ocr_line' id='line_1_35' title="bbox 122 3246 466 3314; baseline 0 -15"><span class='ocrx_word' id='word_1_273' title='bbox 122 3251 157 3299; x_wconf 67' lang='grc'><strong>22</strong></span> <span class='ocrx_word' id='word_1_274' title='bbox 177 3247 335 3301; x_wconf 89' lang='lat' dir='ltr'><strong>hortensius</strong></span> <span class='ocrx_word' id='word_1_275' title='bbox 353 3246 466 3314; x_wconf 89' lang='lat' dir='ltr'><strong>quintus</strong></span> 
     </span>
    </p>
   </div>
   <div class='ocr_carea' id='block_1_5' title="bbox 122 3368 1139 3651">
    <p class='ocr_par' dir='ltr' id='par_1_5' title="bbox 122 3368 1139 3651">
     <span class='ocr_line' id='line_1_36' title="bbox 214 3368 1138 3438; baseline 0.001 -15"><span class='ocrx_word' id='word_1_276' title='bbox 214 3376 227 3423; x_wconf 93' lang='lat'>1</span> <span class='ocrx_word' id='word_1_277' title='bbox 248 3388 303 3424; x_wconf 88' lang='lat' dir='ltr'><strong>non</strong></span> <span class='ocrx_word' id='word_1_278' title='bbox 323 3371 382 3424; x_wconf 88' lang='lat' dir='ltr'><strong>sine</strong></span> <span class='ocrx_word' id='word_1_279' title='bbox 401 3369 495 3424; x_wconf 79' lang='lat' dir='ltr'><strong>fructu</strong></span> <span class='ocrx_word' id='word_1_280' title='bbox 516 3368 651 3425; x_wconf 79' lang='lat' dir='ltr'><strong>Gesueuus</strong></span> <span class='ocrx_word' id='word_1_281' title='bbox 715 3376 747 3424; x_wconf 82' lang='lat'><strong>19</strong></span> <span class='ocrx_word' id='word_1_282' title='bbox 767 3385 884 3438; x_wconf 83' lang='lat' dir='ltr'><strong>magnas</strong></span> <span class='ocrx_word' id='word_1_283' title='bbox 902 3371 998 3425; x_wconf 78' lang='lat' dir='ltr'><strong>deleuit</strong></span> <span class='ocrx_word' id='word_1_284' title='bbox 1021 3368 1138 3424; x_wconf 75' lang='lat' dir='ltr'><strong>Ursinus</strong></span> 
     </span>
     <span class='ocr_line' id='line_1_37' title="bbox 123 3439 1138 3496; baseline -0.001 -3"><span class='ocrx_word' id='word_1_285' title='bbox 123 3447 158 3494; x_wconf 89' lang='grc'><strong>20</strong></span> <span class='ocrx_word' id='word_1_286' title='bbox 177 3457 256 3494; x_wconf 68' lang='lat' dir='ltr'><strong>cerae</strong></span> <span class='ocrx_word' id='word_1_287' title='bbox 281 3443 419 3496; x_wconf 78' lang='lat' dir='ltr'><strong>Victorius</strong></span> <span class='ocrx_word' id='word_1_288' title='bbox 490 3440 521 3494; x_wconf 93' lang='lat' dir='ltr'><strong>hi</strong></span> <span class='ocrx_word' id='word_1_289' title='bbox 539 3440 677 3495; x_wconf 89' lang='lat' dir='ltr'><strong>loculatas</strong></span> <span class='ocrx_word' id='word_1_290' title='bbox 702 3442 843 3496; x_wconf 87' lang='lat' dir='ltr'><strong>habento</strong></span> <span class='ocrx_word' id='word_1_291' title='bbox 915 3447 949 3495; x_wconf 85' lang='grc'><strong>28</strong></span> <span class='ocrx_word' id='word_1_292' title='bbox 970 3439 1138 3495; x_wconf 85' lang='lat' dir='ltr'><strong>sacrificanti</strong></span> 
     </span>
     <span class='ocr_line' id='line_1_38' title="bbox 122 3511 1139 3582; baseline 0 -17"><span class='ocrx_word' id='word_1_293' title='bbox 122 3511 176 3565; x_wconf 89' lang='lat' dir='ltr'><strong>tibi</strong></span> <span class='ocrx_word' id='word_1_294' title='bbox 196 3514 343 3567; x_wconf 75' lang='lat' dir='ltr'><strong>Iracundus</strong></span> <span class='ocrx_word' id='word_1_295' title='bbox 409 3511 553 3565; x_wconf 86' lang='lat' dir='ltr'><strong>tibicinem</strong></span> <span class='ocrx_word' id='word_1_296' title='bbox 573 3514 720 3566; x_wconf 85' lang='lat' dir='ltr'><strong>Iucuudus</strong></span> <span class='ocrx_word' id='word_1_297' title='bbox 782 3518 816 3567; x_wconf 89' lang='grc'><strong>26</strong></span> <span class='ocrx_word' id='word_1_298' title='bbox 835 3513 974 3582; x_wconf 79' lang='lat' dir='ltr'><strong>Lydorum</strong></span> <span class='ocrx_word' id='word_1_299' title='bbox 995 3512 1139 3566; x_wconf 79' lang='lat' dir='ltr'><strong>Turuubus</strong></span> 
     </span>
     <span class='ocr_line' id='line_1_39' title="bbox 124 3582 1139 3651; baseline 0 -15"><span class='ocrx_word' id='word_1_300' title='bbox 124 3584 228 3637; x_wconf 61' lang='lat' dir='ltr'><strong>aderens.</strong></span> <span class='ocrx_word' id='word_1_301' title='bbox 248 3588 311 3650; x_wconf 75' lang='lat'><strong>4,6</strong></span> <span class='ocrx_word' id='word_1_302' title='bbox 371 3583 422 3637; x_wconf 91' lang='lat' dir='ltr'><strong>hos</strong></span> <span class='ocrx_word' id='word_1_303' title='bbox 440 3582 559 3651; x_wconf 85' lang='lat' dir='ltr'><strong>pisciso</strong></span> <span class='ocrx_word' id='word_1_304' title='bbox 614 3588 648 3636; x_wconf 79' lang='grc'><strong>27</strong></span> <span class='ocrx_word' id='word_1_305' title='bbox 669 3582 788 3647; x_wconf 82' lang='lat' dir='ltr'><strong>Quintus</strong></span> <span class='ocrx_word' id='word_1_306' title='bbox 807 3584 972 3638; x_wconf 85' lang='lat' dir='ltr'><strong>Hortensius</strong></span> <span class='ocrx_word' id='word_1_307' title='bbox 991 3583 1139 3638; x_wconf 75' lang='lat' dir='ltr'><strong>Iucaurdus</strong></span> 
     </span>
    </p>
   </div>
   <div class='ocr_carea' id='block_1_6' title="bbox 0 0 1220 3952">
    <p class='ocr_par' dir='ltr' id='par_1_6' title="bbox 0 0 1220 3952">
     <span class='ocr_line' id='line_1_40' title="bbox 0 0 1220 3952; baseline 0 1"><span class='ocrx_word' id='word_1_308' title='bbox 0 0 1220 3952; x_wconf 95' lang='lat' dir='ltr'><strong> </strong></span> 
     </span>
    </p>
   </div>
  </div>
 </body>
</html>
