2430 3952
289 216 419 274 annun
436 215 675 272 Rvsrronavn
694 218 761 273 niu
776 218 789 271 1
804 223 873 273 i-s
1044 215 1088 281 23

72 365 201 449 aliquot
227 363 375 448 regiones
404 362 540 448 accessi,
566 363 622 426 ubi
650 384 710 427 nee
737 364 814 427 vitis
841 385 900 427 nee
928 364 1000 427 olea
1029 385 1088 429 nee

72 475 173 538 poma
194 455 416 534 nascerentur,
439 452 495 515 ubi
516 472 611 535 agros
631 455 848 516 stercorarent
867 451 1003 516 eandida
1022 452 1087 517 fos-

73 543 154 606 sioia
182 545 283 623 oreta,
311 540 367 603 ubi
395 541 496 604 salem
524 561 583 603 neo
613 541 781 604 fossieium
804 562 863 605 neo
887 541 1087 606 maritimum

71 631 242 707 haberent,
262 628 318 693 sed
333 651 371 692 ex
386 629 577 711 quibusdam
591 629 689 713 lignis
709 629 874 694 conbustis
894 629 1088 694 carbonibus

45 719 171 788 osalsis
194 740 253 802 pro
282 739 320 781 eo
343 720 520 782 uterentur.
566 714 670 800 Stolo,
694 714 776 782 Oato
801 717 943 801 quidem,
971 719 1087 802 inquit,
1120 729 1138 786 9

72 808 237 894 gradatim
260 827 462 891 praeponens
486 805 586 873 alium
606 805 670 870 alio
690 827 805 890 agrum
824 808 989 870 meliorem
1009 806 1087 871 dieit

71 918 146 960 esse
177 896 212 958 in
244 916 360 959 novem
394 894 644 978 discriminibus
679 894 765 978 quod
798 896 842 958 sit
872 896 997 977 primus
1030 896 1086 959 ubi

71 984 187 1049 vineae
209 983 337 1067 possint
360 1004 430 1046 esse
453 984 538 1047 bono
562 980 636 1047 virio
661 986 694 1047 et
717 983 830 1065 multo,
853 984 1011 1048 secundus
1030 985 1086 1048 uhi

71 1074 189 1137 hortus
208 1072 366 1156 inriguuS,
384 1073 502 1135 tertius
521 1073 577 1134 ubi
593 1072 716 1154 salicta,
736 1076 869 1155 quartus
884 1072 941 1136 ubi
956 1073 1085 1157 oliveta,

45 1162 210 1246 >quintus
233 1161 290 1224 ubi
313 1163 452 1245 pratum,
476 1164 586 1224 sextus
609 1160 666 1224 ubi
690 1182 822 1244 campus
845 1160 1086 1246 frumentarius,

70 1250 232 1332 septimus
246 1248 303 1312 ubi
318 1248 437 1312 caedua
454 1249 548 1330 silva,
569 1252 702 1313 octavus
717 1249 772 1313 ubi
788 1250 966 1333 arbustum,
981 1272 1085 1315 nonus

69 1339 128 1402 ubi
144 1337 315 1422 glandaria
332 1337 422 1401 silva.
450 1336 571 1420 Scrofa,
591 1336 674 1420 Soio,
692 1338 808 1421 inquit,
824 1339 1138 1423 seribereillum310

69 1427 130 1492 sed
159 1426 197 1490 de
226 1426 287 1489 hoo
315 1447 381 1489 non
409 1427 618 1489 consentiunt
646 1448 772 1508 omnes,
807 1426 893 1510 quod
923 1427 980 1490 alii
1008 1428 1087 1491 dant

68 1517 249 1600 primatum
276 1514 371 1578 bonis
399 1516 515 1598 pratis,
543 1518 580 1578 ut
603 1535 678 1598 ego,
707 1537 725 1578 a
756 1536 819 1598 quo
844 1516 933 1598 [que]
959 1516 1087 1599 antiqui

45 1607 170 1689 sprata
192 1606 308 1687 parata
332 1603 547 1685 appellarunt.
586 1600 707 1666 Caesar
725 1601 896 1685 Vopisouq
920 1603 1085 1668 aedilicius

68 1714 206 1758 eausam
234 1713 307 1755 oum
340 1695 451 1775 ageret
484 1692 570 1774 apud
602 1712 763 1773 oensoreS,
796 1713 927 1774 campos
959 1691 1085 1757 Roseae

47 1781 187 1845 ·Italiao
215 1781 297 1843 dixit
325 1801 396 1843 esse
424 1801 552 1862 sumen,
586 1780 618 1843 in
648 1801 711 1863 quo
739 1780 853 1843 relicta
880 1781 1004 1863 pertica
1031 1803 1085 1864 po-

69 1869 185 1934 stridie
208 1890 274 1932 non
298 1873 469 1952 appareret
491 1873 623 1951 propter
646 1868 789 1932 herbam.
818 1876 932 1933 eontra
955 1871 1083 1935 vineam
1093 1885 1161 1941 vm

69 1961 150 2022 sunt
174 1958 228 2041 qui
252 1961 368 2039 putent
391 1960 522 2040 sumptu
544 1957 686 2021 fructum
710 1958 871 2022 devorare.

45 2076 55 2114 o
163 2046 284 2124 Refert,
307 2047 449 2129 inquam,
473 2046 558 2129 quod
578 2067 680 2129 genus
698 2046 813 2110 vineae
835 2046 887 2129 sit,
907 2045 990 2130 quod
1010 2051 1086 2111 sunt

70 2136 196 2199 multae
224 2134 348 2216 speeies
377 2135 454 2197 eius.
501 2135 583 2198 aliae
611 2136 696 2198 enim
724 2135 863 2198 humiles
891 2157 928 2199 ao
953 2136 1022 2200 sine
1045 2137 1087 2199 ri-

71 2224 164 2307 dicia,
186 2226 222 2286 ut
244 2224 279 2286 in
302 2222 471 2306 Hispania,
494 2223 577 2286 aliae
601 2223 766 2305 sublimes,
790 2224 851 2303 [ut]
872 2245 953 2307 quae
977 2225 1086 2308 appel-

71 2315 183 2377 lantur
205 2311 350 2394 iugatae,
378 2314 415 2374 ut
441 2312 612 2394 pleraeque
640 2312 674 2375 in
696 2311 801 2375 Italia.
847 2313 938 2375 euius
965 2314 1087 2395 penoris

71 2401 206 2466 nomina
235 2399 311 2484 duo,
338 2400 534 2482 pedamenta
561 2403 594 2462 et
622 2399 706 2483 iuga.
752 2400 870 2482 quibus
899 2404 967 2464 stat
989 2402 1084 2465 reotis

45 2516 58 2557 a
73 2491 178 2572 vinea,
198 2489 348 2552 dicuntur
366 2488 573 2571 pedamenta3
593 2509 674 2570 quae
692 2492 879 2551 transversa
898 2489 1086 2572 iunguntur,

71 2579 165 2661 iuga:
196 2577 237 2640 ab
262 2599 299 2640 eo
325 2598 450 2661 quoque
473 2577 586 2640 vineae
609 2577 746 2659 iugatae.
792 2576 943 2660 iugorum
967 2585 1115 2660 genera2

71 2666 140 2730 fere
165 2668 328 2749 quattuor,
351 2665 483 2748 pertica,
506 2665 668 2748 harundo,
692 2669 808 2748 restes,
831 2664 928 2729 vites:
944 2666 1086 2751 pertica,

71 2755 166 2818 utin
190 2752 342 2836 Falerno,
369 2754 532 2834 harundo,
559 2759 597 2817 ut
620 2754 653 2817 in
676 2752 824 2837 Arpano,
851 2757 963 2838 restes,
992 2758 1029 2818 ut
1052 2756 1086 2819 in

72 2841 280 2924 Brundisino,
295 2843 387 2920 vites,
402 2845 440 2905 ut
453 2843 486 2905 in
495 2841 745 2908 Mediolanensi.
769 2842 948 2926 iugationis
963 2844 1086 2926 speeies

45 2931 164 3012 oduae,
192 2952 257 2994 una
285 2931 425 3013 derecta,
455 2931 548 2994 utin
572 2951 651 3014 agro
676 2929 855 3013 Canusino,
884 2932 988 2995 altera
1011 2954 1086 2996 oon·
1122 2997 1125 3001 ,

71 3020 220 3104 pluviata
242 3019 276 3084 in
299 3019 536 3103 longitudinem
561 3023 593 3082 et
615 3019 819 3083 latitudinem
842 3021 969 3105 iugata,
992 3024 1029 3084 ut
1052 3021 1086 3085 in

70 3108 172 3172 Italia
193 3109 374 3192 pleraeque.
402 3107 483 3171 haeo
505 3108 561 3171 ubi
581 3107 675 3172 domo
695 3112 882 3193 naseuntur,
905 3109 1002 3173 vinea
1019 3131 1086 3173 non

72 3197 191 3277 metuit
214 3200 392 3281 sumptum3
429 3197 486 3260 ubi
509 3198 613 3260 multa
637 3219 675 3260 ex
697 3198 880 3281 propinqua
902 3198 990 3281 villa,
1020 3220 1087 3262 non

164 3352 314 3421 laliquod
394 3353 507 3407 9ortus
584 3359 617 3407 23
637 3352 747 3422 generis
766 3369 816 3408 om.
895 3360 929 3408 33
948 3354 1038 3409 multa
1057 3357 1086 3407 et

71 3425 232 3494 propinqua
250 3425 348 3478 uillam

71 3517 287 3534 ——-r-²

164 3573 198 3621 14
217 3582 234 3620 a
252 3582 306 3635 quo
326 3565 468 3634 antiquio
569 3573 602 3619 33
623 3581 657 3620 ex
674 3565 832 3635 propinqua
849 3565 919 3620 uilla
939 3567 1087 3622 Iucundos
