2430 3952
144 213 208 276 116
560 211 747 267 VARRONIS

142 358 210 423 fere
234 360 267 421 et
289 357 432 421 nutrices
461 359 494 420 et
523 359 644 421 matres
667 357 805 438 [semen.
852 355 954 422 Simul
978 357 1095 441 aspicit
1119 357 1160 422 ad

142 467 194 510 me
218 450 265 529 et,
288 444 334 509 Vt
356 448 388 509 te
412 445 500 509 audii
524 444 645 528 dicere,
667 446 792 529 inquit,
815 467 888 511 cunr
911 446 945 509 in
969 445 1161 511 Liburniam

143 535 309 616 venisses,
338 538 371 597 te
409 533 529 599 vidisse
562 537 681 597 matres
713 534 855 599 familias
888 556 1000 598 eorum
1033 533 1161 600 adferre

142 624 246 707 ligna
261 627 294 687 et
321 623 419 686 simul
446 644 577 707 pueros,
611 644 692 706 quos
721 623 860 707 alerent,
893 623 974 688 alias
1004 623 1162 709 singulos,

144 713 226 776 alias
253 711 363 793 binos,
392 733 473 795 quae
497 710 710 776 ostenderunt
736 712 820 776 fetas
844 714 988 792 nostras,
1018 733 1103 796 quae
1126 713 1189 777 ins

144 801 290 884 conopiis
314 800 423 864 iacent
442 799 510 863 dies
529 800 662 884 aliquot,
686 821 756 864 esse
776 800 939 864 eiuncidas
960 821 997 864 ao
1015 804 1161 866 contem-

115 889 276 956 9nendas.
315 887 375 954 Cui
398 908 469 971 ego,
494 885 598 971 Certe,
620 889 765 971 inquam:
789 910 865 952 nam
888 889 923 952 in
944 889 1074 972 Illyrico
1099 889 1162 955 hoc

145 979 294 1063 amplius,
311 981 524 1062 praegnatem
540 998 644 1062 saepe,
664 998 737 1041 cum
755 978 846 1041 venit
859 977 1007 1061 pariendi
1020 981 1163 1063 tempus,

144 1089 211 1131 non
239 1068 336 1148 longe
364 1066 405 1131 ab
432 1087 529 1150 opere
553 1065 713 1130 discedere
737 1066 846 1149 ibique
870 1067 999 1131 enixam
1022 1088 1163 1149 puerum

143 1155 273 1237 referre,
296 1175 389 1238 quem
413 1175 478 1218 non
500 1154 673 1240 peperisse,
697 1155 752 1218 sed
776 1155 937 1219 invenisse
959 1158 1069 1238 putes3
1101 1176 1162 1219 nec
1177 1176 1203 1215 ro

144 1264 211 1306 non
235 1242 333 1306 etiam
355 1242 428 1327 hoc,
452 1264 532 1327 quas
555 1243 698 1326 virgines
717 1243 764 1307 ibi
786 1244 964 1328 appellant,
985 1265 1053 1310 non
1071 1265 1163 1308 num-

146 1353 244 1416 quam
267 1353 426 1396 annorum
449 1332 583 1416 viginti,
605 1331 722 1416 quibus
747 1352 817 1395 mos
842 1353 953 1396 eorum
976 1353 1044 1397 non
1067 1332 1162 1397 dene-

145 1420 250 1504 gavit,
275 1423 350 1485 ante
370 1420 500 1503 nuptias
519 1423 557 1484 ut
576 1420 821 1484 succumberem
846 1421 962 1504 quibus
987 1420 1112 1485 vellent
1131 1424 1164 1485 et

95 1520 136 1577 10
146 1509 346 1574 incomitatis
369 1513 406 1573 ut
428 1509 542 1594 vagari
564 1509 678 1573 liceret
696 1511 729 1573 et
746 1509 832 1573 filios
850 1508 979 1573 habere.
1012 1507 1102 1584 Quae
1122 1509 1164 1573 ad

145 1598 359 1663 valitudinem
378 1599 544 1681 pertinent
562 1598 733 1661 hominum
753 1619 790 1662 ac
808 1598 934 1680 pecoris
954 1599 987 1661 et
1006 1597 1076 1662 sine
1096 1619 1162 1663 me·
1178 1618 1203 1660 rs

146 1687 217 1751 dico
236 1686 343 1751 curari
361 1690 509 1770 possunt,
526 1686 721 1770 magistrum
740 1686 864 1769 scripta
881 1685 1003 1751 habere
1023 1690 1163 1770 oportet

145 1777 174 1839 is
202 1776 288 1840 enim
317 1775 385 1840 sine
413 1775 530 1838 litteris
559 1775 693 1838 idoneus
716 1796 781 1838 non
806 1778 870 1857 est,
901 1776 986 1858 quod
1016 1775 1163 1839 rationes

146 1864 325 1928 dominicas
348 1863 516 1947 pecuarias
541 1863 696 1927 conficere
719 1863 914 1947 nequiquam
938 1866 1026 1928 recte
1044 1867 1164 1946 potest

148 1953 187 2016 de
197 1972 332 2016 numero
343 1955 512 2036 pastorum
523 1950 578 2014 alii
589 1951 769 2034 angustius,
779 1952 836 2015 alii
848 1951 953 2016 laxius
964 1952 1163 2016 constituere

148 2041 262 2105 solent.
300 2060 361 2125 ego
380 2040 415 2102 in
434 2042 609 2124 octogenae
628 2039 731 2104 hirtas
751 2061 826 2104 oves
846 2040 992 2124 singulos
1012 2043 1162 2124 pastores
1178 2062 1205 2103 ao

97 2128 319 2212 llconstitui,
347 2126 475 2192 Atticus
499 2128 533 2191 in
557 2132 717 2193 centenas.
762 2148 877 2213 greges
901 2129 1011 2193 ovium
1034 2128 1063 2192 si
1086 2133 1164 2194 sunt

147 2217 267 2302 magni,
283 2239 364 2301 quos
378 2217 537 2281 miliarios
552 2215 675 2282 faciunt
688 2216 828 2301 quidam,
842 2217 968 2282 facilius
983 2216 1022 2281 de
1036 2238 1165 2282 summa

147 2306 317 2371 hominum
337 2304 506 2370 detrahere
524 2307 641 2389 possiS,
661 2327 757 2389 quam
778 2306 816 2369 de
830 2305 1018 2389 minoribus,
1036 2309 1073 2369 ut
1087 2310 1165 2371 sunt

148 2398 182 2460 et
204 2393 308 2460 Attici
332 2399 364 2458 et
386 2395 459 2458 mei.
505 2395 738 2478 septingenarii
761 2394 847 2458 enim
871 2395 947 2459 mei:
977 2397 1021 2477 tu,
1046 2393 1164 2478 opinor

149 2484 389 2569 octingenarios
407 2483 562 2566 habuisti,
579 2505 639 2548 nec
657 2486 767 2547 tamen
787 2504 862 2566 non,
879 2488 917 2548 ut
934 2504 1005 2568 nos,
1023 2484 1163 2547 arietum
1178 2504 1205 2545 se

148 2573 314 2637 decumam
338 2575 473 2657 partem.
519 2571 561 2635 ad
588 2592 743 2654 equarum
766 2591 898 2657 gregem
921 2572 1163 2656 quinquagena-

147 2662 233 2725 rium
260 2661 329 2725 bini
357 2661 519 2743 homines,
549 2660 662 2744 utique
689 2663 826 2743 uterque
852 2660 970 2724 horum
993 2663 1030 2725 ut
1053 2681 1163 2726 secum

147 2749 268 2814 habeat
296 2770 395 2832 equas
424 2749 565 2814 domitas
588 2748 735 2834 singulas
759 2749 793 2811 in
816 2749 867 2813 his
890 2748 1096 2834 regionibus,
1128 2751 1163 2814 in

237 2929 253 2976 2
272 2922 372 2992 inquid
425 2929 443 2976 4
462 2921 572 2976 alerent
589 2922 709 2992 (alerent
731 2922 771 2991 V)
822 2928 838 2977 ὅ
858 2923 1040 2977 ostenderunt
1058 2923 1164 2991 (osten-

149 2994 220 3049 dunt
243 2995 284 3064 V)
345 2994 543 3049 tleuuncidas
607 3000 785 3063 8praegnax
848 2999 879 3047 12
899 3009 992 3048 nonne
1011 2993 1165 3062 denegauit

149 3069 216 3135 (non
240 3064 394 3134 denegauit
417 3065 456 3133 V)
537 3071 568 3119 16
592 3064 701 3133 possint
778 3070 812 3118 21
837 3063 933 3120 ouium
955 3062 1006 3119 sed
1028 3081 1164 3134 magnum

147 3142 182 3191 23
206 3137 296 3206 possit
367 3141 402 3191 24
426 3137 456 3189 et
479 3134 521 3190 ait
542 3135 595 3191 tici
618 3135 725 3190 etmel
751 3134 943 3205 septingenari
968 3135 1044 3192 enim
1067 3151 1112 3190 me
1131 3136 1164 3190 tu

148 3208 248 3278 opinor
267 3207 473 3276 octingenarius

240 3358 254 3403 1
273 3353 387 3404 matres.
407 3347 491 3402 simul
511 3346 644 3416 aspicito
695 3353 711 3402 6
731 3346 873 3402 eiuncidas
894 3348 1038 3404 Turnebus
1057 3348 1164 3406 advers.

148 3427 179 3491 4,
208 3427 225 3476 6
255 3426 280 3476 et
313 3421 452 3476 Victorius
542 3426 558 3473 8
586 3420 789 3488 praegnantem
817 3436 835 3475 o
926 3424 959 3474 16
990 3422 1110 3490 possunt
1136 3437 1164 3475 m

148 3499 183 3548 23
202 3494 235 3546 ut
254 3492 319 3547 sunt
337 3497 366 3547 et
384 3490 472 3545 Attici
491 3491 520 3544 et
538 3489 601 3543 mei.
628 3489 831 3560 septingenarii
845 3490 920 3546 enim
933 3491 998 3560 mei,
1017 3492 1049 3544 tu
1063 3491 1165 3560 opinor

154 3563 294 3619 Victorius
365 3566 400 3617 25
420 3560 659 3631 octingenarioso
