2430 3952
149 224 192 287 64
556 221 745 277 vraaonrs

150 390 227 431 vasa
252 368 373 431 olearia
396 389 433 430 ac
459 373 620 450 trapetas,
648 389 728 450 quae
754 389 807 430 res
831 367 937 431 molae
961 367 1101 431 oleariae
1125 388 1164 430 ex

120 457 230 522 dduro
255 460 288 519 et
312 478 425 540 aspero
449 456 564 540 lapide.
611 457 683 519 olea
705 457 789 519 lecta
813 457 842 520 si
864 457 1001 520 nimium
1025 455 1164 520 (1101011

150 547 184 608 in
217 545 354 626 acervis,
387 544 514 610 caldore
547 545 698 609 fracescit
730 549 763 608 et
795 545 900 608 oleum
929 544 1087 609 foetidum
1117 545 1164 610 fir.

150 636 260 717 itaque
277 633 304 696 si
317 655 459 717 nequeas
475 638 602 698 mature
617 634 781 714 conficere,
798 634 845 712 [in
860 633 998 714 acervis]
1014 633 1164 698 iactando

121 723 307 788 ‘iventilare
326 727 480 804 oportet·
502 745 541 786 ex
560 723 632 787 olea
651 722 774 786 fructus
794 723 921 804 duplex,
942 723 1058 805 oleum,
1078 721 1190 806 quoda

151 811 302 874 omnibus
339 815 467 893 notum,
501 817 534 876 et
566 833 710 895 amurca,
744 810 833 875 ouius
870 811 1047 875 utilitatem
1080 809 1166 894 quod

150 900 306 984 ignorant
323 900 479 985 plerique,
502 901 579 965 licet
597 900 704 963 videre
725 921 742 963 0
761 900 895 964 torculis
915 899 1047 963 oleariis
1067 899 1178 965 fluere.

151 989 185 1051 in
208 1009 305 1073 agros
334 1010 371 1052 ac
396 1010 463 1053 non
491 989 596 1052 solum
621 988 790 1073 denigrare
813 993 948 1069 terram,
977 986 1033 1052 sed
1056 988 1167 1052 multi-

151 1077 263 1141 tudine
285 1077 392 1140 facere
415 1078 572 1160 sterilem,
596 1099 669 1140 cum
693 1079 722 1141 is
744 1099 839 1141 umor
862 1077 1006 1141 modicus
1029 1099 1104 1141 cum
1125 1076 1166 1141 ad

152 1165 271 1229 multas
290 1187 341 1229 res
360 1169 430 1228 tum
451 1166 491 1230 ad
511 1167 582 1250 agri
597 1167 757 1230 culturam
771 1166 934 1248 pertineat
949 1164 1166 1250 vehementer,
1179 1186 1200 1227 a

153 1253 237 1337 quod
266 1255 387 1317 circum
416 1255 567 1318 arborum
595 1255 719 1319 radices
747 1254 874 1319 infundi
901 1255 997 1336 solet,
1025 1255 1166 1319 maxime

153 1343 193 1406 ad
218 1342 332 1423 oleam,
356 1346 389 1405 01
410 1343 604 1427 ubicumque
627 1343 660 1407 in
686 1365 764 1428 agro
788 1344 888 1408 herba
911 1347 1014 1408 nocet.

106 1447 169 1500 LVI
241 1428 377 1515 Agrius,
408 1431 613 1512 Iamdudum,
645 1433 765 1516 inquit,
798 1434 832 1495 in
861 1432 941 1496 villa
969 1432 1085 1496 sedens
1114 1452 1167 1496 ex·

151 1522 245 1603 pecto
271 1542 343 1584 oum
368 1521 452 1584 olavi
475 1525 521 1605 te,
546 1520 649 1604 Stolo,
678 1521 754 1585 dum
777 1520 902 1584 fructus
926 1522 959 1583 in
983 1520 1096 1585 villam
1119 1542 1166 1585 10-

152 1609 247 1673 feras.
292 1608 367 1693 Ille,
389 1610 452 1673 Em
479 1611 555 1693 quin
581 1610 707 1693 adsum,
730 1610 836 1693 venio,
859 1609 972 1692 inquit,
995 1609 1035 1673 ad
1056 1608 1167 1691 limen,
1178 1628 1200 1670 11

152 1697 238 1763 fores
262 1698 359 1781 aperi.
397 1700 537 1783 primurn
561 1698 748 1763 faenisiciae
772 1698 953 1762 conduntur
971 1697 1087 1762 melius
1108 1697 1166 1762 sub

152 1790 239 1850 10010
268 1809 365 1869 quam
393 1788 429 1850 in
457 1788 592 1870 acervis,
621 1788 706 1870 quod
735 1788 782 1851 ita
809 1788 846 1850 fit
869 1787 1037 1851 iucundius
1063 1786 1167 1869 pabu-

152 1876 229 1938 lum.
275 1896 314 1938 ex
342 1896 379 1939 00
407 1876 619 1960 intellegitur,
648 1877 734 1960 quod
765 1898 863 1960 pecus
892 1880 1029 1959 utroque
1056 1878 1167 1958 posito

95 1977 171 2033 LVII
180 1963 336 2027 libentius
356 1969 414 2028 est.
452 1967 511 2046 [01]
532 1965 675 2029 1111100111
696 1966 790 2029 condi
809 1968 941 2048 oportet
962 1965 996 2028 in
1015 1963 1168 2048 granaria

155 2051 316 2131 sublimia,
340 2074 422 2134 quae
445 2054 623 2136 perdentur
645 2057 742 2118 vento
767 2054 807 2117 ab
831 2058 944 2118 exortu
968 2075 1005 2117 ac
1029 2056 1165 2137 septem·
1178 2074 1200 2115 10

153 2140 297 2204 1110110111
327 2142 472 2224 regione,
501 2142 541 2205 ad
570 2165 652 2226 quae
680 2143 771 2207 nulla
794 2165 873 2206 aura
896 2142 1007 2206 umida
1031 2163 1069 2205 ex
1091 2163 1166 2225 pro·

152 2229 284 2312 pinquis
313 2230 393 2293 locis
422 2230 573 2315 adspiret.
618 2232 760 2315 parietes
789 2235 822 2295 et
850 2232 956 2295 solum
982 2251 1078 2313 opere
1101 2234 1166 2294 tec·

125 2318 239 2381 210110
277 2324 475 2384 marmorato
513 2320 728 2404 loricandum3
762 2320 790 2384 si
822 2320 943 2401 minus,
975 2340 1014 2382 ex
1048 2318 1167 2404 argilla

155 2406 257 2470 mixta
288 2429 379 2472 acere
399 2431 415 2473 e
433 2409 598 2474 frumento
627 2414 660 2472 et
686 2431 829 2492 amurca,
862 2408 948 2493 quod
977 2428 1103 2471 murem
1135 2412 1168 2472 01

153 2518 295 2560 vermem
323 2519 390 2562 non
417 2499 541 2582 patitur
569 2520 639 2562 esse
664 2502 697 2562 et
724 2518 827 2582 grana
850 2497 929 2561 facit
953 2496 1107 2561 solidiora
1130 2516 1201 2561 acas

154 2586 308 2649 firmiora.
361 2585 491 2670 quidam
521 2588 629 2670 ipsum
658 2587 803 2651 triticum
834 2589 1069 2668 conspergunt,
1093 2606 1166 2650 cum

156 2673 277 2737 addant
300 2675 333 2736 in
357 2675 485 2739 circiter
511 2677 600 2739 mille
624 2675 767 2739 modium
792 2674 984 2758 quadrantal
1008 2695 1168 2738 amurcae.

154 2762 234 2825 item
262 2762 347 2825 alius
375 2765 457 2827 aliut
484 2764 604 2828 adfriat
627 2768 684 2827 aut
708 2765 867 2848 aspargit,
896 2767 932 2827 ut
956 2762 1168 2828 chalcidicam

155 2855 212 2913 aut
230 2851 371 2915 caricam
390 2857 511 2916 cretam
531 2857 587 2916 aut
606 2852 816 2933 absinthium,
834 2851 914 2916 item
927 2853 1024 2916 huius
1039 2852 1168 2935 generis

155 2938 227 3002 alia.
278 2939 409 3022 quidam
437 2942 590 3025 granaria
619 2940 741 3005 habent
771 2942 830 3006 sub
860 2942 956 3006 terris
987 2939 1204 3025 0001000000

246 3136 279 3184 13
299 3133 430 3200 exspecto
513 3138 546 3186 21
566 3133 682 3187 humida
763 3131 953 3188 231011000ἀί
1024 3137 1059 3186 24
1078 3132 1169 3187 mixto

156 3216 240 3268 agere
261 3202 434 3258 0110100010
520 3210 554 3258 26
575 3207 763 3273 conspergant
850 3210 884 3258 27
904 3205 1061 3273 quadrante
1134 3208 1170 3258 29

156 3277 262 3326 cretam
280 3273 330 3326 aut
348 3278 464 3340 (cretam
483 3291 516 3329 ac
541 3276 579 3343 V)
653 3275 833 3330 absenthium

246 3439 279 3486 19
298 3436 328 3488 et
346 3437 473 3489 omissum
491 3435 523 3487 iu
541 3435 672 3490 Parisino
691 3437 781 3491 codice
852 3440 886 3489 23
906 3434 1035 3504 argillam
1051 3434 1171 3488 mixtam

157 3520 236 3558 acere
255 3505 419 3560 Priscianus
438 3507 454 3560 l.
477 3506 503 3559 V
514 3523 545 3576 p.
564 3509 627 3574 163,
648 3512 662 3560 1
771 3511 806 3560 26
825 3508 1018 3577 conspergunt
1035 3522 1062 3560 m
1135 3511 1171 3560 27

156 3575 323 3641 quadrantal
342 3577 487 3632 locandus
