2430 3952
260 213 391 269 RERVM
409 213 648 269 RVSTICARVM
667 213 734 267 [ΑΒ.
749 213 763 267 Ι
778 219 882 270 18-20
1037 212 1079 276 39

153 357 260 444 Igitur
282 359 321 424 de
345 359 495 423 omuibus
524 358 776 443 quadripedibus
804 357 911 441 prima
934 360 984 421 est
1006 372 1142 442 pro-XX

65 448 165 531 batio,
183 447 240 531 qui
257 447 365 512 idonei
384 448 450 511 sint
468 448 577 531 boves,
596 448 652 530 qui
671 447 782 511 arandi
803 468 901 511 causa
922 449 1080 510 emuntur.

65 559 146 622 quos
165 536 254 600 rudis
272 557 376 620 neque
390 536 531 601 minores
545 537 661 599 trimos
676 557 780 618 neque
796 536 937 599 maiores
953 534 1080 619 quadri-

64 647 137 690 mcs
164 625 357 708 parandum:
385 628 422 688 ut
449 625 572 689 viribus
602 624 730 707 magnis
754 624 821 688 sint
845 645 1012 707 separes,
1039 644 1081 686 ne

37 714 99 778 oin
123 724 220 797 opere
241 713 366 777 firmior
388 713 621 777 inbecilliorem
645 711 808 777 conficiat:
836 711 951 795 amplis
975 711 1080 776 corni·

63 803 126 866 bns
154 803 188 864 et
212 801 299 885 nigri
325 802 435 885 potius
464 823 560 885 quam
589 801 683 864 aliter
705 803 742 863 ut
766 802 844 882 sint,
873 801 941 864 lata
963 799 1080 881 fronte,

63 889 198 955 naribus
222 889 323 974 simis,
345 890 414 954 lato
437 894 576 972 pectore,
600 889 719 954 crassis
743 889 979 954 coxendicibus.
1017 888 1109 952 hos2

63 983 236 1043 veteranos
253 1000 293 1043 ex
313 979 550 1061 campestribus
571 979 650 1042 locis
670 999 737 1041 non
756 977 926 1041 emendum
946 976 1080 1040 indura

63 1089 102 1132 ac
120 1069 285 1149 montana,
302 1087 363 1131 nec
380 1088 448 1131 non
466 1071 580 1132 contra
599 1067 627 1129 si
644 1065 765 1143 incidit,
784 1069 822 1129 ut
840 1067 883 1129 sit
903 1065 1079 1130 vitandum.

24 1179 51 1218 ιο
65 1154 215 1221 novellos
239 1176 312 1219 cum
335 1156 408 1239 quis
432 1155 546 1219 emerit
569 1155 732 1237 iuvencos,
756 1154 784 1218 si
808 1176 919 1219 eorum
943 1154 1026 1218 colla
1045 1154 1079 1217 in

62 1244 173 1309 furcas
201 1241 372 1307 destitutas
400 1243 569 1308 incluserit
596 1265 633 1307 ac
661 1242 785 1306 dederit
811 1243 933 1325 cibum,
966 1242 1078 1306 diebus

62 1332 176 1416 paucis
204 1334 299 1396 erunt
328 1334 488 1396 mansueti
516 1334 549 1395 et
577 1332 617 1394 ad
641 1331 835 1395 domandum
859 1331 962 1414 proni.
1008 1334 1078 1394 tum

60 1421 113 1486 ita
141 1419 370 1504 subigendum,
398 1426 434 1485 ut
462 1421 648 1485 minutatim
678 1419 901 1483 adsuefaciant
924 1423 957 1483 et
980 1424 1017 1482 ut
1039 1419 1079 1481 ti·

61 1529 179 1575 ronem
197 1530 270 1572 cum
289 1511 443 1573 veterano
463 1509 642 1590 adiungant
661 1505 834 1592 (imitando
850 1508 934 1571 enim
950 1507 1078 1571 facilius

21 1620 49 1661 1⁶
63 1595 243 1680 domatur),
276 1600 309 1660 et
336 1598 475 1679 primum
507 1598 541 1660 in
569 1618 672 1680 aequo
700 1597 772 1660 loco
802 1600 835 1659 et
862 1597 931 1659 sine
960 1598 1078 1677 aratro,
1165 1674 1167 1678 μ

62 1690 136 1750 tum
169 1707 207 1750 eo
240 1685 316 1763 levi,
349 1685 507 1769 principio
540 1707 598 1768 per
625 1685 783 1748 harenam
811 1687 867 1748 aut
894 1684 1075 1748 molliorem

62 1778 195 1840 terram.
232 1795 313 1858 quos
333 1774 372 1837 ad
391 1782 547 1856 vecturas,
566 1775 645 1838 item
664 1773 899 1837 instituendum
917 1776 954 1836 ut
968 1771 1106 1837 inania3

60 1863 208 1949 primum
231 1863 351 1926 ducant
374 1863 520 1947 plaustra
543 1866 584 1944 et,
608 1862 637 1925 si
662 1862 782 1945 possis,
810 1883 868 1944 per
890 1861 996 1926 vicum
1020 1867 1077 1925 aut

62 1951 235 2035 oppidum:
277 1951 388 2015 creber
415 1953 556 2035 crepitus
581 1972 617 2014 ac
645 1950 788 2014 varietas
811 1972 919 2014 rerum
943 1971 1076 2014 consue·

20 2040 178 2105 uetudine
201 2039 410 2104 celeberrima
434 2039 474 2103 ad
497 2040 672 2103 utilitatem
697 2039 834 2102 adducit.
879 2060 982 2121 neque
1006 2060 1076 2120 per-

58 2129 222 2207 tinaciter,
241 2149 337 2212 quem
351 2127 466 2192 feceris
481 2128 638 2206 dextrum,
656 2127 690 2190 in
705 2149 742 2191 ec
762 2128 966 2208 manendum,
981 2126 1076 2210 quod,

59 2217 90 2281 si
118 2216 253 2281 alternis
276 2216 314 2280 fit
336 2217 477 2298 sinister,
499 2216 538 2279 fit
560 2216 724 2280 laboranti
749 2216 784 2279 in
808 2217 966 2279 alterutra
984 2221 1075 2299 parte

58 2305 198 2390 requies.
252 2304 309 2368 ubi
340 2310 427 2368 terra
458 2305 550 2386 levis,
573 2309 610 2368 nt
640 2306 675 2367 in
706 2301 900 2386 Campania,
932 2304 978 2367 ibi
1010 2311 1105 2367 nont

57 2394 168 2459 bubus
188 2393 357 2479 gravibus,
385 2393 441 2457 sed
464 2393 570 2458 vaccis
594 2396 651 2456 aut
673 2393 772 2455 asinis
796 2392 882 2474 quod
905 2395 1012 2472 arant,
1036 2413 1073 2455 e0

16 2481 188 2548 otacilius
209 2481 254 2545 ad
278 2486 421 2546 aratrum
446 2482 515 2545 leve
540 2481 654 2544 adduci
676 2486 825 2564 possunt,
852 2478 892 2542 ad
915 2480 1017 2543 molas
1042 2483 1075 2542 et

57 2570 100 2635 ad
125 2591 178 2648 ea,
204 2570 316 2653 siquae
345 2574 433 2654 sunt,
461 2591 543 2652 quae
571 2570 606 2633 in
633 2569 733 2633 fundo
762 2568 994 2632 convehuntur.
1040 2568 1074 2631 in
1186 2634 1188 2639 ,

58 2681 126 2745 qua
148 2681 184 2724 re
208 2658 265 2723 alii
290 2658 414 2738 asellis,
432 2659 489 2722 alii
507 2658 612 2722 vaccis
632 2679 669 2722 ac
687 2657 785 2721 mulis
799 2660 944 2738 utuntur,
959 2656 1073 2720 exinde

56 2752 95 2812 nt
126 2747 242 2832 pabuli
275 2746 414 2811 facultas
447 2750 506 2810 est.
556 2768 632 2810 nam
664 2745 791 2810 facilius
824 2746 942 2809 asellus
975 2767 1073 2829 quam

56 2857 159 2901 vacca
191 2835 301 2919 ulitur3
333 2835 389 2899 sed
421 2835 617 2899 fructuosior
648 2833 737 2899 baec.
782 2834 815 2898 in
845 2856 882 2899 eo
912 2833 1102 2918 agricolaed

11 2924 121 2990 eoboc
145 2925 370 3008 spectandum,
399 2945 461 3007 quo
489 2923 623 3008 fastigio
652 2923 695 2986 sit
717 2922 846 2986 fundus.
892 2923 926 2986 in
950 2923 1073 2987 confra-

148 3087 165 3135 3
184 3079 300 3135 minoris
381 3079 495 3133 maioris
578 3084 593 3132 6
612 3077 689 3147 nigri
707 3097 728 3133 a.
748 3078 842 3147 potius
861 3077 960 3148 (nigris
978 3078 1072 3146 potius

59 3152 99 3219 V,
118 3151 195 3221 nigri
208 3170 239 3207 .s.
254 3151 348 3220 potius
362 3152 499 3204 nonnulla
510 3151 682 3219 apoprapba)
732 3155 748 3202 9
768 3166 825 3203 non
844 3150 952 3219 contra]
970 3150 1073 3203 nontra

53 3228 92 3278 20
111 3221 312 3277 celeberrimae
388 3227 422 3275 22
442 3221 558 3275 alternis
576 3221 609 3274 fit
627 3221 753 3288 (alternis
772 3219 863 3286 sitV‚
901 3219 1015 3274 alterius
1035 3219 1073 3274 sit

53 3295 114 3350 cod.
135 3293 229 3361 Ποῖ.)
301 3297 336 3346 24
354 3291 447 3346 naccis
465 3293 515 3345 aut
533 3291 619 3346 asinis
644 3291 748 3360 (naccis
767 3295 796 3345 et
815 3291 901 3344 asinis
926 3291 964 3359 V)
1037 3296 1072 3344 30

53 3363 126 3436 qno]
144 3364 220 3433 qnod

146 3494 163 3542 9
182 3503 312 3552 necnon,
332 3486 469 3540 contrusi
488 3485 588 3540 incidit
605 3488 638 3539 ut
657 3485 702 3553 sit,
720 3485 867 3540 vitandum
887 3483 1072 3549 analfeldtiuo

51 3560 237 3631 quaesterit.
254 3562 337 3627 p.29
409 3562 444 3610 20
463 3556 679 3611 celeberrimae
752 3561 786 3609 30
806 3570 861 3622 quo
880 3553 995 3622 fastigio
1013 3571 1030 3608 c
