2430 3952
62 183 65 189 ’
152 197 217 263 160
568 195 753 252 vnuaours

152 343 296 408 brassica
318 364 425 407 ceram
448 345 481 406 et
504 342 625 406 cibum:
648 363 708 406 nec
731 362 796 406 non
819 340 916 405 aliter
938 339 1057 424 duplex
1079 341 1167 424 quod

151 432 190 495 fit
213 452 230 495 e
252 431 339 495 malo
363 434 396 495 et
418 430 498 514 piris
527 430 747 513 silvestribus,
775 429 884 494 cibum
911 432 944 493 et
973 429 1049 494 mel:
1086 430 1167 493 item

153 519 247 584 aliter
270 519 387 602 duplex
410 519 496 602 quod
519 540 536 582 e
559 539 729 602 papavere,
752 539 859 583 ceram
882 520 914 581 et
936 517 1010 581 mel.
1047 517 1168 601 triplari

152 608 367 672 ministerium
391 629 518 692 quoque
537 608 620 696 fieri,
643 609 680 670 ut
703 627 742 670 ex
764 627 845 670 nuce
869 624 986 689 graeca
1010 608 1043 668 et
1061 627 1078 668 e
1097 605 1167 690 lap-

153 718 232 760 sano
261 696 383 774 cibum,
411 697 488 778 mel,
517 689 631 760 ceram.
681 695 759 759 item
788 715 827 757 ex
856 693 928 757 aliis
957 693 1091 759 floribus
1119 696 1167 758 ita
1194 714 1207 756 s

152 805 293 869 carpere,
311 783 433 849 utalia
452 784 493 848 ad
512 783 658 867 singulas
678 804 729 847 res
751 784 889 864 sumant,
909 781 972 846 alia
992 781 1033 846 ad
1046 782 1168 865 plures,

101 882 212 939 26nec
236 873 424 941 nemetiam
448 872 531 936 aliut
553 871 725 936 discrimen
749 873 927 954 sequantur
953 871 988 934 in
1016 874 1168 953 carptura

153 964 211 1025 aut
234 983 287 1025 eas
312 964 475 1044 sequatur,
498 963 536 1024 ut
557 961 592 1024 in
615 959 720 1041 melle,
744 959 829 1043 quod
853 979 892 1022 ex
911 959 1027 1023 aliare
1047 959 1169 1023 faciant

152 1049 311 1132 liquidum
333 1049 415 1133 mel,
438 1052 475 1112 ut
498 1070 515 1112 e
539 1049 660 1112 sisarae
683 1047 775 1130 flore,
802 1068 841 1110 ex
865 1047 929 1110 alia
951 1050 1065 1111 contra
1088 1047 1168 1129 spis-

154 1160 234 1218 sum,
257 1141 295 1202 ut
317 1159 334 1201 e
357 1158 429 1202 rore
454 1136 593 1219 marin03
631 1136 678 1201 sic
703 1157 742 1199 ex
765 1135 830 1200 alia
853 1157 896 1218 re,
919 1138 956 1199 ut
978 1156 996 1198 c
1020 1135 1080 1199 fico
1104 1137 1168 1200 mel
1183 1156 1208 1195 1o

101 1226 296 1307 27insuave‚
318 1246 334 1288 e
357 1225 460 1308 cytiso
484 1225 615 1308 bonum,
638 1245 655 1288 e
678 1224 793 1308 thymo
813 1225 980 1306 optimum.
1009 1223 1073 1287 cibi
1090 1245 1168 1308 pars

154 1313 240 1397 quod
267 1314 358 1397 potio
387 1315 421 1376 et
451 1334 488 1376 ea
511 1313 552 1376 iis
577 1334 660 1396 aqua
684 1313 822 1396 liquida,
852 1312 936 1376 unde
959 1311 1075 1376 bibant
1098 1333 1168 1376 esse

155 1405 292 1484 oportet,
317 1422 452 1484 eamque
475 1402 700 1486 propinquam,
724 1422 805 1485 quae
828 1400 1038 1484 praeterfluat
1059 1403 1116 1463 aut
1134 1401 1169 1464 in

154 1489 296 1573 aliquem
324 1489 431 1554 lacum
459 1483 588 1573 influati
617 1491 665 1554 ita
691 1493 729 1553 ut
757 1510 797 1553 ne
822 1488 993 1552 altitudine
1017 1489 1169 1552 escendat

154 1578 218 1644 duo
243 1581 300 1642 aut
321 1581 388 1642 tres
408 1578 545 1663 digitos:
581 1579 617 1641 in
640 1601 705 1662 qua
727 1599 810 1661 aqua
833 1577 961 1642 iaceant
984 1579 1089 1641 testae
1113 1581 1170 1641 aut
1184 1596 1208 1636 1⁵

153 1666 270 1749 lapilli,
298 1666 345 1730 ita
372 1671 409 1732 ut
437 1670 549 1731 extent
576 1667 722 1749 paulum,
749 1666 805 1730 ubi
834 1665 977 1729 adsidere
1001 1669 1034 1729 et
1056 1665 1169 1730 bibere

153 1756 290 1838 possint.
336 1755 371 1818 in
400 1776 462 1838 quo
493 1755 666 1839 diligenter
688 1754 837 1818 habenda
860 1774 936 1818 cura
957 1756 995 1818 ut
1016 1775 1102 1837 aqua
1125 1754 1170 1818 sit

154 1865 244 1927 pura,
268 1843 353 1926 quod
377 1843 418 1906 ad
437 1843 636 1907 mellificium
657 1843 779 1907 bonum
798 1842 1006 1907 vehementer
1024 1841 1179 1925 prodest..

102 1939 142 1996 28
155 1931 240 2016 quod
262 1953 328 1995 non
352 1931 458 1996 omnis
482 1934 658 2014 tempestas
683 1931 723 1994 ad
742 1933 872 2014 pastum
891 1930 1019 2012 prodire
1037 1929 1168 2013 longius

154 2021 290 2103 patitur,
319 2019 561 2101 praeparandus
590 2019 695 2102 cibus,
722 2040 763 2083 ne
791 2021 861 2082 tum
888 2019 983 2083 melle
1011 2021 1169 2102 cogantur
1184 2038 1210 2077 ao

155 2107 224 2170 solo
256 2106 453 2170 maereant
484 2107 664 2190 relinquere
697 2107 879 2170 exinanitas
914 2108 1013 2171 alvos.
1066 2107 1170 2191 igitur

154 2195 288 2258 ficorum
316 2195 487 2279 pinguium
515 2195 641 2260 circiter
665 2196 774 2260 decem
797 2195 904 2278 pondo
929 2195 1112 2278 decoquont
1135 2195 1170 2259 in

156 2304 258 2366 aquae
286 2283 412 2369 congiis
440 2305 508 2367 sex,
538 2306 617 2368 quas
645 2288 754 2350 coctas
782 2285 816 2347 in
846 2284 925 2349 offas
950 2305 1051 2367 prope
1071 2284 1169 2368 adpo·

155 2374 247 2437 nunt.
294 2373 350 2436 alii
381 2394 499 2456 aquam
527 2374 740 2439 mulsamin
759 2373 898 2437 vasculis
926 2393 1027 2456 prope
1055 2375 1092 2436 ut
1125 2373 1170 2437 sit

155 2463 279 2543 curant,
300 2461 334 2523 in
354 2482 435 2544 quae
451 2461 575 2525 addunt
587 2462 698 2526 lanam
711 2482 836 2544 puram,
854 2482 912 2544 per
927 2482 1025 2544 quam
1040 2463 1168 2544 sugant,
1184 2478 1209 2518 25

155 2571 220 2614 uno
250 2551 397 2631 tempore
424 2570 465 2613 ne
492 2554 572 2632 potu
600 2550 737 2613 nimium
765 2549 953 2631 inpleantur
976 2551 1033 2613 aut
1056 2571 1098 2613 ne
1121 2549 1170 2612 in-

156 2637 265 2701 cidant
287 2637 322 2699 in
345 2659 471 2721 aquam.
510 2638 638 2722 singula
655 2660 734 2702 vasa
751 2640 879 2720 ponunt
902 2637 942 2702 ad
966 2637 1067 2721 alvos,
1090 2636 1169 2702 haec

156 2726 356 2808 supplentur.
394 2726 451 2789 alii
468 2748 565 2790 uvam
583 2749 714 2810 passam
733 2729 766 2790 et
788 2726 883 2791 ficum
908 2747 981 2791 eum
999 2725 1169 2809 pisierunt,

248 2905 261 2952 1
281 2914 343 2953 cera
363 2900 392 2953 et
410 2899 503 2953 eibum
522 2901 644 2968 (caeram
663 2901 693 2954 et
712 2899 804 2953 eibum
828 2899 867 2968 V)
904 2904 920 2952 2
940 2898 1047 2970 cibum]
1064 2899 1169 2953 circum

157 2969 297 3039 3ceram]
326 2985 390 3024 cera
449 2976 465 3024 6
491 2972 522 3024 nt
549 2969 616 3041 alia]
645 2973 677 3024 ut
705 2970 775 3024 alias
800 2971 843 3039 (ut
866 2970 923 3025 alia
949 2967 988 3039 V)
1053 2975 1068 3023 ’1
1092 2967 1171 3021 alind

157 3038 308 3093 discrimen
331 3040 412 3108 (aliut
431 3039 581 3095 discrimen
599 3042 657 3096 cod.
678 3041 758 3110 Par.)
800 3047 816 3095 9
836 3042 864 3094 et
882 3041 940 3095 alia
958 3042 1056 3095 contra
1102 3045 1134 3092 11
1156 3055 1171 3094 e

156 3115 220 3165 ante
238 3110 327 3179 cytiso
346 3127 396 3167 om.
452 3110 543 3166 thimo
598 3117 632 3165 14
650 3112 743 3166 locum
795 3117 827 3166 17
846 3111 914 3182 quo]
934 3126 991 3179 qua
1037 3116 1072 3165 20
1090 3125 1171 3180 prae·

156 3181 311 3249 parandum
330 3180 374 3234 his
394 3180 472 3236 cibus
510 3187 545 3236 24
563 3183 620 3237 sint
661 3187 695 3236 25
714 3182 826 3252 puram]
844 3198 997 3251 purpuram
1033 3187 1068 3238 28
1086 3181 1172 3236 ficum

158 3250 358 3321 compisierunt

247 3391 376 3447 rcibum
395 3393 499 3447 etmel
521 3392 661 3449 Victorius
733 3399 864 3448 aceram
883 3393 1030 3448 Iracundus
1103 3399 1174 3447 aex

157 3462 214 3518 alia
237 3466 335 3518 contra
358 3466 414 3520 cod.
440 3464 507 3520 Par.
582 3470 614 3518 11
640 3480 655 3518 e
680 3462 789 3533 cythiso
814 3465 961 3520 locandus
1038 3468 1073 3518 24
1096 3463 1173 3518 situ

157 3539 191 3589 28
210 3551 273 3589 cum
291 3535 428 3605 pisicrunt
447 3537 504 3592 cod.
526 3534 594 3591 Par.
