2430 3952
313 239 443 294 RERVM
461 237 699 293 nvsrlcnavn
717 237 784 294 LIB.
804 239 830 292 ll
849 246 864 293 2
1053 240 1096 305 83

79 387 256 468 meratum3
301 406 361 449 neo
392 405 456 449 non
491 388 618 466 emptor
646 386 723 467 pote
757 405 795 447 ex
823 389 932 469 empto
967 385 1097 450 vendito

79 474 177 540 illum
199 474 366 558 damnare,
394 473 423 537 si
450 494 515 538 non
538 472 660 554 tradet,
693 473 840 556 quamvis
868 495 934 537 non
965 474 1098 538 solverit

78 583 243 647 nummos,
260 567 297 626 ut
315 563 370 627 ille
390 567 572 645 emptorem
591 561 690 625 simili
708 561 838 644 iudicio,
862 562 889 625 si
908 583 973 626 non
992 562 1098 626 reddit

101 650 231 716 retium.

49 674 101 802 ap
170 738 219 804 De
251 738 362 803 alteris
395 741 550 821 quattuor
581 737 677 801 rebus
711 738 859 821 deinceps
896 739 1019 824 dicam,
1058 740 1096 803 de
1130 747 1147 804 7

79 829 243 913 pastione,
269 828 391 910 fetura,
417 826 597 908 nutricatu,
625 828 774 892 sanitate.
820 827 960 910 primum
989 828 1096 910 provi-

79 917 222 982 dendum
257 919 295 981 ut
326 919 433 981 totum
465 937 585 979 annum
618 919 705 979 recte
737 919 912 998 pascantur
944 917 1031 980 intus
1065 920 1097 980 et

78 1006 178 1072 foris:
206 1005 337 1070 stabula
363 1004 480 1069 idoneo
508 1004 580 1068 loco
604 1006 640 1068 ut
664 1003 744 1087 sint,
772 1025 813 1067 ne
836 1007 985 1085 ventosa,
1013 1026 1095 1090 quae

79 1097 230 1180 spectent
264 1093 370 1178 magis
405 1093 447 1156 ad
481 1093 637 1157 orientem
674 1115 772 1176 quam
806 1093 847 1157 ad
881 1093 1094 1157 meridianum

36 1188 219 1267 rotempus.
264 1181 321 1247 ubi
344 1184 439 1263 stent,
463 1181 569 1245 solum
593 1185 722 1263 oportet
745 1202 814 1244 esse
839 1182 1043 1246 eruderatum
1062 1188 1095 1246 et

79 1272 270 1357 proclivum,
293 1275 330 1335 ut
353 1270 456 1335 everri
478 1269 573 1333 facile
596 1270 700 1352 possit
723 1291 760 1333 ac
779 1270 848 1334 fieri
867 1293 993 1354 purum.
1028 1293 1094 1336 non

79 1361 169 1426 enim
197 1361 303 1424 solum
331 1360 398 1440 [ea]
428 1358 517 1443 uligo
548 1359 656 1422 lanam
681 1361 860 1441 corrumpit
883 1360 1005 1441 ovium,
1038 1360 1094 1424 sed

78 1450 182 1513 etiam
211 1448 365 1532 ungulas,
398 1469 435 1512 ac
468 1447 599 1511 scabras
627 1447 696 1510 fieri
723 1448 821 1530 cogit.
867 1470 939 1512 cum
970 1449 1095 1532 aliquot
1127 1455 1146 1512 8

79 1538 149 1602 dies
187 1539 363 1618 steterunt,
400 1536 545 1600 subicere
580 1539 709 1618 oportet
742 1535 885 1620 virgulta
914 1536 994 1620 alia,
1032 1559 1095 1621 quo

39 1625 216 1692 romollius
246 1626 453 1709 requiescant
475 1625 686 1708 purioresque
711 1624 784 1688 sint.
830 1624 985 1690 libentius
1009 1626 1095 1689 enim

80 1716 131 1780 ita
159 1718 347 1799 pascuntur.
393 1713 576 1778 faciendum
604 1734 731 1797 quoque
760 1717 874 1796 saepta
902 1718 1026 1777 secreta
1054 1715 1095 1777 ab

81 1803 173 1888 aliis,
202 1823 264 1887 quo
287 1802 444 1866 incientes
472 1801 635 1865 secludere
666 1802 786 1885 possis,
814 1803 892 1866 item
922 1824 1004 1886 quae
1028 1823 1096 1867 cor-

80 1912 162 1977 pore
187 1912 294 1977 aegro.
332 1889 411 1954 haec
433 1891 537 1974 magis
562 1889 603 1954 ad
625 1891 786 1955 villaticos
810 1912 926 1977 greges
951 1892 1095 1955 animad-

78 1979 248 2046 vertenda.
293 1983 407 2044 contra
434 1979 509 2042 illae
539 1979 573 2041 in
597 1979 732 2043 saltibus
757 2001 839 2063 quae
863 1983 1040 2064 pascuntur
1064 1985 1096 2045 et
1129 1986 1147 2042 9

39 2088 102 2134 soa
125 2069 223 2133 tectis
246 2068 367 2133 absunt
389 2068 498 2152 longe,
521 2071 655 2150 portant
677 2090 783 2132 secum
806 2075 910 2134 crates
930 2072 987 2133 aut
1004 2070 1095 2149 retia,

80 2157 201 2242 quibus
225 2157 376 2221 cohortes
399 2157 434 2233 in
459 2155 634 2221 solitudine
657 2157 788 2241 faciant,
811 2162 980 2241 ceteraque
1007 2162 1095 2222 uten-

79 2247 166 2311 silia
202 2246 300 2329 longe
322 2245 409 2309 enim
428 2249 461 2310 et
480 2246 545 2308 late
564 2244 598 2308 in
617 2245 753 2310 diversis
771 2247 852 2310 locis
871 2249 961 2330 pasci
981 2248 1095 2327 solent,

79 2339 119 2400 ut
150 2334 255 2398 multa
284 2334 376 2397 milia
403 2335 513 2399 absint
542 2354 637 2416 saepe
669 2333 823 2398 hibernae
852 2337 1019 2419 pastiones
1053 2336 1094 2398 ab

80 2422 226 2489 aestivis.
272 2421 345 2508 Ego
375 2444 451 2487 vero
483 2423 566 2504 scio,
593 2423 739 2505 inquam:
776 2445 852 2486 nam
875 2424 955 2486 mihi
978 2443 1094 2507 greges

38 2531 65 2573 ro
77 2512 115 2577 in
134 2511 256 2594 Apulia
273 2510 502 2594 hibernabant,
522 2512 576 2594 qui
595 2510 629 2574 in
648 2511 796 2574 Reatinis
816 2513 981 2576 montibus
998 2512 1094 2574 aesti-

76 2600 212 2680 vabant,
235 2622 307 2665 cum
331 2600 418 2664 inter
440 2599 521 2664 haec
544 2599 622 2662 bina
645 2600 725 2683 loca,
748 2604 785 2663 ut
808 2600 919 2684 iugum
948 2601 1092 2665 continet
1106 2605 1146 2662 10

77 2688 264 2773 sirpiculos,
282 2689 329 2753 sio
348 2689 445 2753 calles
464 2688 613 2771 publicae
633 2689 790 2752 distantes
809 2690 985 2771 pastiones.
1014 2688 1094 2752 Eae·

77 2799 143 2862 que
166 2777 223 2856 ibi,
245 2777 303 2841 ubi
326 2781 502 2862 pascuntur
524 2777 558 2840 in
583 2777 695 2841 eadem
717 2778 861 2862 regione,
884 2782 993 2843 tamen
1012 2782 1094 2841 tem-

76 2864 216 2950 poribus
248 2865 487 2951 distinguntur,
520 2871 644 2930 aestate
675 2866 759 2949 quod
790 2888 862 2931 cum
890 2867 995 2951 prima
1022 2867 1093 2931 luce

37 2958 199 3019 aoexeunt
230 2957 375 3038 pastum,
406 2958 579 3037 propterea
611 2956 696 3040 quod
726 2960 803 3019 tunc
834 2956 936 3020 herba
967 2956 1094 3021 ruscida

76 3042 306 3127 meridianam,
340 3065 422 3127 quae
455 3048 504 3107 est
537 3044 671 3127 aridior,
703 3044 903 3109 iucunditate
937 3048 1048 3134 praest
1070 3050 1093 3110 t.

168 3256 184 3305 2
213 3250 355 3322 quamvis]
384 3267 469 3319 quam
496 3251 556 3306 ouis
649 3258 681 3306 13
709 3251 824 3322 aliquod
916 3261 949 3308 14
971 3253 1092 3307 uirculta

75 3328 110 3378 17
131 3321 279 3377 inicientes
356 3323 425 3376 item
445 3323 528 3393 quae]
548 3322 691 3392 itemquo
770 3330 804 3378 20
823 3328 915 3395 grates
996 3330 1030 3377 29
1050 3323 1092 3376 di·

74 3395 208 3464 stingunt
226 3394 258 3447 ut
276 3394 383 3448 aestate

151 3595 168 3644 2
188 3587 308 3659 quanuis
326 3605 373 3643 mo
448 3595 479 3644 17
499 3590 635 3646 incientes
658 3591 795 3646 Victorius

894 3682 930 3733 6*
