2430 3952
189 202 374 258 VARRONIS
392 202 522 256 RERVM
540 201 778 258 avsncaavn
797 204 865 259 LIB.
880 206 937 260 111
1033 206 1072 269 71

61 347 262 414 vindemiam
289 347 456 413 condimus
484 369 523 412 ex
550 347 658 412 insula
681 316 759 413 Coa·
772 352 806 413 et
829 347 920 414 Ohia.
966 351 1106 435 itaque4

61 437 97 501 in
126 458 191 522 qua
218 439 305 501 terra
332 436 492 501 culturam
519 436 591 519 agri
619 436 796 501 docuerunt
824 442 972 520 pastores
1000 461 1075 523 pro-

60 525 192 611 geniem
215 546 317 608 suam,
339 524 395 609 qui
417 523 629 590 condidemnt
651 524 773 608 urbem,
795 525 843 591 ibi
865 531 980 591 eontra
1000 549 1075 611 pro-

60 614 175 699 genies
194 634 306 677 eorum
325 616 458 697 propter
476 612 647 678 avaritiam
667 617 780 678 eontra
798 614 887 698 leges
905 637 944 679 ex
958 616 1075 699 segeti·

33 702 123 767 abus
137 701 218 767 fecit
235 705 340 787 prata,
358 702 547 786 ignorantes
562 723 628 766 non
642 702 727 766 idem
741 724 812 767 esse
827 703 899 787 agri
912 705 1074 769 culturam

60 795 93 856 et
125 791 320 874 pastionem.
371 789 454 854 alius
486 790 572 853 enim
604 790 704 874 opilio
737 795 771 854 et
802 795 920 874 arator,
949 814 1017 876 nee,
1046 793 1075 856 si

59 882 201 962 possunt
222 878 257 942 in
280 899 360 964 agro
383 878 473 962 pasci
494 883 645 960 armenta,
668 881 883 945 armentarius
906 902 974 946 non
993 882 1075 945 aliut

24 1026 32 1040 ,
59 989 98 1032 00
122 966 291 1033 bubulcus.
328 970 510 1032 armentum
534 967 620 1031 enim
643 966 675 1031 id
700 968 785 1050 quod
808 969 842 1032 in
861 989 941 1052 agro
960 972 1074 1033 natum

59 1076 128 1121 non
156 1058 259 1139 areat,
290 1055 345 1120 sed
378 1054 468 1119 tollit
497 1053 658 1119 dentibus.
704 1060 818 1120 contra
845 1057 905 1122 bos
932 1057 1073 1122 domitus

23 1166 46 1207 10
59 1164 161 1209 causa
182 1144 222 1208 fit
243 1146 280 1208 ut
303 1143 503 1209 commodius
523 1146 676 1209 nascatur
694 1143 891 1210 frumentum
910 1145 944 1208 in
964 1149 1073 1230 segete

59 1235 92 1297 et
116 1231 274 1316 pabulum
296 1231 331 1295 in
352 1231 471 1297 novali.
517 1232 589 1316 alia,
612 1233 753 1316 inquam,
776 1235 861 1299 ratio
881 1255 919 1299 ae
938 1235 1103 1299 scientia5

59 1320 177 1403 coloni,
195 1320 260 1384 alia
279 1321 436 1404 pastoris:
455 1320 613 1385 colonica
628 1342 710 1404 quae
725 1322 796 1405 agri
810 1322 938 1386 cultura
950 1323 1072 1387 factum

57 1412 97 1475 nt
119 1411 331 1473 nascerentur
355 1430 372 1473 0
394 1413 494 1492 terra,
523 1413 636 1474 contra
662 1411 804 1492 pastoris
828 1433 866 1474 ea
890 1433 971 1494 quae
995 1415 1074 1476 nata

58 1518 98 1561 ax
116 1518 244 1582 pecore.
290 1520 426 1582 quarum
450 1498 603 1580 quoniam
628 1498 767 1561 societas
789 1499 875 1562 inter
892 1519 927 1562 se
946 1520 1073 1583 magna,

25 1590 232 1670 apropterea
258 1586 343 1670 quod
375 1586 532 1671 pabulum
566 1586 601 1649 in
628 1585 728 1649 fundo
756 1607 948 1669 conpascere
976 1609 1074 1670 quam

57 1673 197 1739 vendere
229 1674 418 1759 plerumque
454 1673 558 1759 magis
592 1674 721 1757 expedit
754 1674 885 1739 domino
920 1675 1012 1739 fundi
1042 1678 1075 1739 et

57 1763 253 1828 stercoratio
276 1763 316 1827 ad
339 1763 464 1828 fructus
486 1765 658 1827 terrestres
683 1762 853 1846 aptissima
872 1766 906 1826 et
923 1785 1074 1828 maxume

57 1850 99 1915 ad
122 1849 157 1916 id
184 1871 282 1934 pecus
312 1851 509 1935 adpositum,
538 1851 595 1934 qui
622 1851 722 1916 habet
745 1852 926 1935 praedium,
954 1852 1074 1917 habere

56 1943 231 2024 utramque
250 1938 347 2004 debet
365 1939 579 2023 disciplinam,
598 1943 630 2003 et
650 1941 721 2023 agri
740 1941 885 2005 culturae
899 1943 933 2005 et
945 1942 1073 2025 pecoris

23 2027 215 2111 capescendi
247 2030 280 2092 et
311 2028 410 2093 etiam
442 2027 605 2093 villaticae
636 2029 805 2113 pastionis.
856 2051 894 2094 ex
923 2051 961 2094 ea
988 2030 1074 2094 enim

58 2136 189 2200 quoque
207 2114 333 2181 fructus
352 2117 425 2182 tolli
443 2120 582 2200 possunt
599 2138 667 2181 non
685 2118 861 2182 mediocres
876 2138 916 2181 ex
929 2118 1074 2183 ornitho-

56 2204 158 2269 nibua
189 2225 228 2269 aa
256 2205 429 2289 leporariis
459 2209 492 2269 et
523 2205 665 2289 piscinis.
711 2206 820 2289 equis
850 2206 1004 2291 quoniam
1034 2207 1102 2271 1106

47 2292 131 2379 agri
164 2293 293 2357 cultura
328 2293 446 2358 librum
481 2292 669 2358 Fundaniae
706 2295 800 2358 uxori
835 2298 970 2378 propter
1004 2296 1073 2359 eius

55 2380 198 2446 fundum
212 2380 283 2465 feci,
300 2381 371 2464 tibi,
388 2381 490 2466 Niger
504 2381 642 2446 Turrani
658 2384 778 2464 noster,
798 2382 854 2466 qui
867 2381 1074 2447 vehementer

23 2468 232 2535 adelectaris
255 2490 381 2554 pecore,
402 2474 575 2553 propterea
598 2470 683 2554 quod
706 2473 739 2534 te
762 2470 1010 2554 empturientem
1038 2471 1074 2534 in

56 2578 194 2643 campos
217 2556 346 2623 Macros
370 2558 410 2622 ad
438 2561 617 2623 mereatum
641 2558 802 2622 adducunt
825 2558 938 2623 crebro
965 2558 1073 2642 pedes,

56 2667 122 2733 qno
151 2644 283 2711 facilius
311 2646 495 2731 sumptibus
528 2648 631 2711 multa
662 2646 871 2729 poscentibus
900 2647 1072 2728 ministres,

55 2734 146 2818 quod
171 2755 209 2799 00
232 2734 360 2799 facilius
383 2734 510 2817 faciam,
534 2735 619 2819 quod
643 2739 676 2798 et
699 2737 768 2820 ipse
786 2736 953 2819 pecuarias
971 2735 1071 2800 habui

141 2822 214 2903 des,
241 2823 276 2886 in
303 2822 425 2908 Apulia
453 2823 591 2889 oviarias
620 2826 654 2887 et
680 2824 715 2887 in
742 2823 882 2888 Reatino
913 2824 1073 2908 aquarias,

23 2930 45 2971 a
56 2842 152 2995 grid]
178 2910 217 2974 de
235 2932 270 2975 re
291 2911 444 2994 pecuaria
462 2911 606 2976 breviter
624 2933 662 2976 ac
680 2913 866 2976 summatim
888 2934 1073 2995 percurram

56 3021 96 3064 ex
121 2999 327 3063 sermonibus
350 3001 472 3065 nostris
496 3000 634 3065 conlatis
658 3022 731 3065 cum
757 3001 797 3064 iis
822 3000 877 3084 qui
904 3001 1072 3084 pecuarias

148 3179 165 3229 1
184 3173 312 3229 armenta
330 3189 380 3228 om.
439 3179 472 3227 12
492 3188 525 3227 ea
544 3172 629 3244 quae]
649 3189 738 3241 aequa
756 3174 884 3242 adposita
901 3180 968 3230 eota
981 3174 1073 3229 mendi

57 3249 146 3299 1601
169 3243 235 3298 etiit
298 3249 348 3298 ’19
368 3242 430 3313 agri
448 3244 587 3298 culturam
665 3251 698 3298 21
719 3244 888 3299 ornitoribus
907 3244 1073 3313 (ornithoni-

55 3314 110 3368 bus
165 3316 176 3383 )
248 3319 284 3368 24
302 3315 409 3369 turrani
427 3315 563 3385 (Turanni
586 3315 627 3384 V)

148 3479 183 3529 12
202 3489 328 3543 eaquae
346 3473 376 3527 in
394 3472 567 3544 agricultura
584 3490 600 3528 o
615 3479 640 3529 et
658 3474 725 3529 libri
742 3473 901 3528 recentiores
973 3478 1007 3528 16
1026 3488 1073 3526 ex·

55 3545 138 3615 pedit
156 3561 206 3600 mo
278 3550 312 3599 lo
331 3545 520 3614 agriculturae
538 3561 554 3600 o
627 3551 661 3599 30
681 3561 738 3614 qua
755 3545 852 3600 delevit
875 3542 991 3598 Ueeieuea
