2430 3952
294 216 424 272 RERVM
442 215 678 272 RVSTICARVM
697 215 876 272 male-5
985 226 988 231 ’
1040 215 1080 278 19

67 365 179 427 essent
202 363 346 447 aegrotis
377 385 414 427 ac
441 363 617 443 funeribus,
644 362 780 426 inmisso
808 360 958 426 fenestris
987 361 1081 425 novis

67 451 221 535 aquilone
250 455 283 515 et
310 452 485 516 obstructis
512 451 739 534 pestilentibus
770 452 931 533 ianuaque
953 472 1080 533 permu-

66 544 140 604 tata
164 543 332 624 ceteraque
356 541 424 603 eius
448 540 575 624 generis
600 539 768 624 diligentia
793 561 869 603 suos
889 539 1023 603 comites
1043 559 1080 602 ac

66 628 227 692 familiam
249 629 427 693 incolumes
451 627 600 692 reduxit?

23 739 37 780 a
158 715 220 781 sed
240 717 393 801 quoniam
412 718 484 802 agri
503 718 648 781 culturae
667 715 753 799 quod
772 720 858 780 esset
877 716 936 796 [id]
951 715 1116 784 initiumV

66 810 101 871 et
113 806 190 870 finis
204 805 279 888 dixi,
300 806 493 890 relinquitur
508 809 587 888 quot
600 808 708 889 partes
724 827 762 868 ea
775 806 946 889 disciplina
959 805 1081 868 habeat

66 899 103 958 ut
127 895 169 957 sit
191 894 372 959 videndum.
409 894 568 977 Equidem
591 894 842 958 innumerabiles
866 893 947 956 mihi
970 893 1079 956 viden-

65 987 129 1065 tur,
152 982 259 1066 inquit
281 984 416 1068 Agrius,
447 1006 520 1048 cum
542 983 616 1067 lego
639 982 740 1046 libros
764 982 983 1067 Theophrasti
1006 1002 1081 1045 con·

64 1072 186 1155 plures,
209 1072 264 1154 qui
287 1072 508 1136 inscribuntur
531 1072 646 1154 φυτῶν
671 1071 819 1154 ἱστορίας
848 1074 881 1134 εὴ
903 1071 996 1134 alteri
1019 1094 1080 1152 φυ-

22 1160 169 1225 rotancia
192 1162 318 1227 αἰτίων.
355 1159 454 1241 Stolo,
477 1160 547 1237 Isti,
565 1160 680 1245 inquit,
704 1160 780 1223 libri
798 1181 863 1223 non
882 1163 951 1223 tam
970 1159 1109 1223 idonei2

64 1249 107 1312 iis
132 1249 187 1332 qui
210 1269 327 1334 agrum
350 1250 454 1313 colere
478 1250 601 1327 volunt,
625 1270 723 1332 quam
747 1248 801 1332 qui
826 1248 953 1313 scholas
974 1248 1079 1331 philo-

65 1337 257 1422 sophorum3
293 1359 398 1421 neque
421 1360 458 1402 eo
483 1337 564 1422 dico,
591 1359 655 1421 quo
678 1358 742 1402 noa
764 1337 907 1401 habeant
930 1341 963 1400 ct
986 1337 1080 1401 utilia

64 1429 100 1490 et
134 1427 316 1490 communia
349 1426 516 1510 quaedam.
567 1430 764 1510 quapropter
801 1430 835 1489 tu
867 1427 976 1508 potius
1010 1425 1109 1509 agri3

64 1515 212 1578 culturae
238 1519 347 1598 partes
375 1515 471 1580 nobis
496 1536 627 1599 expone.
674 1512 794 1596 Scrofa,
820 1514 903 1598 Agri
927 1516 1081 1594 culturae,

20 1624 47 1665 15
64 1603 183 1687 inquit,
210 1607 365 1686 quattuor
393 1608 468 1668 sunt
494 1608 607 1686 partes
635 1624 794 1667 summae:
830 1624 847 1666 e
876 1603 947 1686 quis
975 1602 1082 1685 prima

63 1691 212 1776 cognitio
235 1691 336 1774 fundi,
360 1693 467 1757 solum
490 1697 664 1776 partesque
688 1692 757 1755 eius
781 1691 892 1775 quales
917 1690 996 1773 sint,
1033 1712 1081 1753 se·

63 1779 181 1862 cunda,
209 1802 290 1864 quae
318 1782 351 1845 in
379 1803 416 1845 eo
445 1780 545 1845 fundo
573 1802 654 1864 opus
683 1780 749 1843 sint
778 1802 815 1843 ac
844 1779 982 1843 debeant
1011 1800 1081 1843 esse

63 1868 213 1934 culturae
247 1891 358 1950 causa3
395 1871 508 1948 tertia,
541 1890 622 1954 quae
654 1869 689 1932 in
721 1890 758 1932 eo
791 1867 922 1951 praedio
956 1868 1081 1932 colendi

62 1978 165 2022 causa
188 1958 254 2021 sint
276 1957 440 2044 facienda,
478 1962 607 2043 quarta,
631 1980 695 2042 quo
720 1958 855 2041 quicque
877 1962 1024 2040 tempore
1047 1957 1083 2019 in

15 2068 47 2108 ao
63 2066 104 2110 eo
129 2044 230 2110 fundo
254 2046 326 2109 ficri
350 2048 529 2112 conveniat.
567 2046 679 2111 dehis
704 2051 859 2130 quattuor
880 2045 1112 2129 generolchusl

54 2132 213 2217 portibus
234 2135 381 2218 singulae
401 2137 573 2200 minimum
590 2136 625 2199 in
640 2136 732 2198 binas
748 2135 935 2199 dividuntur
950 2135 1082 2217 speciae,

60 2222 154 2307 quod
176 2223 276 2287 habet
298 2225 405 2306 prima
429 2246 466 2288 ea
490 2246 571 2308 quae
595 2223 636 2288 ad
655 2225 761 2288 solum
778 2223 945 2308 pertinent
963 2229 1077 2304 terrae,

63 2313 128 2393 [et]
154 2311 256 2375 altera
285 2334 366 2396 quae
395 2313 435 2376 ad
463 2314 559 2377 villas
590 2316 623 2376 et
647 2313 784 2376 stabula.
832 2313 971 2375 secunda
993 2334 1081 2395 pars,

61 2421 148 2484 quae
171 2405 342 2465 movantur
370 2405 468 2485 atque
496 2403 530 2465 in
557 2400 657 2465 fundo
687 2401 804 2464 debent
832 2421 902 2463 esse
933 2400 1080 2464 culturae

24 2509 48 2551 aa
63 2509 174 2572 causa,
198 2491 249 2552 est
271 2489 350 2552 item
373 2491 536 2573 bipertita,
561 2489 599 2553 de
623 2488 818 2569 hominibus,
843 2510 902 2572 per
925 2510 1006 2571 quos
1031 2509 1081 2552 co-

62 2571 207 2660 lendum,
230 2580 262 2640 ct
285 2577 325 2642 de
347 2578 473 2663 reliquo
496 2579 722 2642 instrumento.
759 2576 857 2640 tertia
875 2599 951 2659 pars
972 2579 1080 2661 [quac]

62 2666 101 2730 dc
125 2665 224 2729 rebus
248 2665 415 2751 dividitur,
444 2689 526 2751 quae
555 2668 595 2731 ad
625 2688 786 2750 quamque
809 2687 879 2729 rem
903 2666 969 2729 sint
990 2688 1081 2749 prae-

61 2753 210 2838 paranda
243 2758 275 2818 et
308 2756 364 2819 ubi
397 2778 541 2840 quaeque
574 2755 729 2820 facienda.
786 2759 902 2839 quarta
933 2777 1009 2838 pars
1042 2755 1080 2818 de

157 2970 171 3017 1
190 2962 324 3018 immissis
378 2970 395 3018 6
414 2967 444 3019 ct
462 2964 524 3019 finis
544 2967 589 3034 (ac
607 2965 670 3020 finis
689 2965 850 3035 apographa
868 2966 1030 3030 recentiora)

10 3078 12 3089 .
63 3035 140 3103 quod
159 3036 254 3103 partes
361 3038 503 3106 9phyton
521 3036 654 3091 historias
681 3040 710 3089 et
729 3037 812 3090 alteri
830 3035 966 3104 physicon
985 3034 1080 3090 aetion

63 3105 159 3160 stolon
215 3111 247 3160 12
263 3109 333 3173 quot
346 3107 471 3161 habeant
486 3108 556 3173 Pol,
576 3109 650 3177 quod
667 3106 793 3160 habeant
811 3122 905 3176 opopa.
962 3112 995 3159 17
1015 3110 1080 3160 sunt

64 3193 97 3230 ao
117 3176 243 3230 debeant
261 3180 337 3246 (sunt
355 3195 389 3232 ac
407 3178 511 3231 debent
525 3179 651 3247 plurima
665 3179 837 3248 apographo)
910 3183 944 3231 20
963 3193 1078 3246 gencra-

64 3246 138 3302 libua
158 3246 300 3320 partibus]
319 3249 469 3318 generibus
573 3254 607 3303 23
627 3251 656 3302 et
679 3250 798 3303 alterum
903 3254 937 3302 24
957 3247 1080 3302 debeant

155 3422 351 3479 limmissoo
451 3425 515 3480 bid
534 3427 630 3482 delevit
648 3426 796 3481 Iucundos
896 3429 928 3478 12
948 3440 1003 3492 quo
1023 3441 1079 3478 non

62 3493 190 3550 habeant
218 3495 351 3563 Ursinus,
375 3498 449 3564 quod
472 3514 528 3551 non
551 3497 675 3552 habeant
699 3498 860 3551 Potuimus
956 3500 989 3550 17
1009 3512 1078 3564 opus

64 3566 120 3620 sint
138 3582 173 3621 ac
192 3566 316 3621 debeant
333 3567 514 3623 Schneideras
586 3574 620 3621 24
639 3568 743 3624 debent
761 3567 941 3623 Schneiderac

881 3655 918 3709 2*
