<?xml version="1.0" encoding="UTF-8"?>
<!DOCTYPE html PUBLIC "-//W3C//DTD XHTML 1.0 Transitional//EN"
    "http://www.w3.org/TR/xhtml1/DTD/xhtml1-transitional.dtd">
<html xmlns="http://www.w3.org/1999/xhtml" xml:lang="en" lang="en">
 <head>
  <title>
</title>
<meta http-equiv="Content-Type" content="text/html;charset=utf-8" />
  <meta name='ocr-system' content='tesseract 3.04.00' />
  <meta name='ocr-capabilities' content='ocr_page ocr_carea ocr_par ocr_line ocrx_word'/>
</head>
<body>
  <div class='ocr_page' id='page_1' title='image "./mterentivarroni01keilgoog/mterentivarroni01keilgoog_0074.png"; bbox 0 0 2430 3952; ppageno 0'>
   <div class='ocr_carea' id='block_1_1' title="bbox 254 216 1071 282">
    <p class='ocr_par' dir='ltr' id='par_1_1' title="bbox 254 216 1071 282">
     <span class='ocr_line' id='line_1_1' title="bbox 254 216 1071 282; baseline 0 -10"><span class='ocrx_word' id='word_1_1' title='bbox 254 217 385 273; x_wconf 80' lang='lat' dir='ltr'><strong>RERVM</strong></span> <span class='ocrx_word' id='word_1_2' title='bbox 403 216 642 274; x_wconf 85' lang='lat' dir='ltr'><strong>RVSTICARVM</strong></span> <span class='ocrx_word' id='word_1_3' title='bbox 660 218 727 274; x_wconf 86' lang='lat' dir='ltr'><strong>LIB.</strong></span> <span class='ocrx_word' id='word_1_4' title='bbox 747 219 760 272; x_wconf 94' lang='grc' dir='ltr'>Ι</span> <span class='ocrx_word' id='word_1_5' title='bbox 778 224 884 274; x_wconf 87' lang='grc'>38-40</span> <span class='ocrx_word' id='word_1_6' title='bbox 1028 219 1071 282; x_wconf 84' lang='grc'>53</span> 
     </span>
    </p>
   </div>
   <div class='ocr_carea' id='block_1_2' title="bbox 16 363 1107 3197">
    <p class='ocr_par' dir='ltr' id='par_1_2' title="bbox 16 363 1107 3197">
     <span class='ocr_line' id='line_1_2' title="bbox 55 363 1073 448; baseline -0.001 -19"><span class='ocrx_word' id='word_1_7' title='bbox 55 363 144 448; x_wconf 90' lang='lat' dir='ltr'>quod</span> <span class='ocrx_word' id='word_1_8' title='bbox 168 367 326 448; x_wconf 83' lang='lat' dir='ltr'>apertum.</span> <span class='ocrx_word' id='word_1_9' title='bbox 370 364 467 448; x_wconf 90' lang='lat' dir='ltr'>latet,</span> <span class='ocrx_word' id='word_1_10' title='bbox 496 364 524 428; x_wconf 92' lang='lat' dir='ltr'>si</span> <span class='ocrx_word' id='word_1_11' title='bbox 547 367 625 428; x_wconf 90' lang='lat' dir='ltr'>sunt</span> <span class='ocrx_word' id='word_1_12' title='bbox 649 364 772 428; x_wconf 90' lang='lat' dir='ltr'>semina</span> <span class='ocrx_word' id='word_1_13' title='bbox 794 363 828 427; x_wconf 92' lang='lat' dir='ltr'>in</span> <span class='ocrx_word' id='word_1_14' title='bbox 852 384 942 448; x_wconf 86' lang='lat' dir='ltr'>aere,</span> <span class='ocrx_word' id='word_1_15' title='bbox 965 366 1002 428; x_wconf 93' lang='lat' dir='ltr'>ut</span> <span class='ocrx_word' id='word_1_16' title='bbox 1025 365 1073 428; x_wconf 91' lang='lat' dir='ltr'>ait</span> 
     </span>
     <span class='ocr_line' id='line_1_3' title="bbox 54 452 1072 538; baseline 0.001 -22"><span class='ocrx_word' id='word_1_17' title='bbox 54 453 213 536; x_wconf 83' lang='lat' dir='ltr'>physicos</span> <span class='ocrx_word' id='word_1_18' title='bbox 228 454 452 536; x_wconf 78' lang='lat' dir='ltr'><strong>Anaxagoras,</strong></span> <span class='ocrx_word' id='word_1_19' title='bbox 471 457 505 517; x_wconf 91' lang='grc'>00</span> <span class='ocrx_word' id='word_1_20' title='bbox 524 453 552 516; x_wconf 90' lang='grc'>01</span> <span class='ocrx_word' id='word_1_21' title='bbox 570 474 663 537; x_wconf 88' lang='grc'>0000,</span> <span class='ocrx_word' id='word_1_22' title='bbox 682 474 763 536; x_wconf 88' lang='lat' dir='ltr'>quae</span> <span class='ocrx_word' id='word_1_23' title='bbox 778 452 885 516; x_wconf 86' lang='lat' dir='ltr'>influit</span> <span class='ocrx_word' id='word_1_24' title='bbox 898 453 932 516; x_wconf 94' lang='lat' dir='ltr'>in</span> <span class='ocrx_word' id='word_1_25' title='bbox 947 473 1072 538; x_wconf 83' lang='lat' dir='ltr'>agrum,</span> 
     </span>
     <span class='ocr_line' id='line_1_4' title="bbox 54 540 1071 626; baseline -0.001 -20"><span class='ocrx_word' id='word_1_26' title='bbox 54 542 176 606; x_wconf 87' lang='lat' dir='ltr'>inferre</span> <span class='ocrx_word' id='word_1_27' title='bbox 200 542 291 624; x_wconf 89' lang='lat' dir='ltr'>solet,</span> <span class='ocrx_word' id='word_1_28' title='bbox 268 545 352 606; x_wconf 91' lang='lat' dir='ltr'>tut</span> <span class='ocrx_word' id='word_1_29' title='bbox 376 541 489 606; x_wconf 81' lang='lat' dir='ltr'><strong>scribit</strong></span> <span class='ocrx_word' id='word_1_30' title='bbox 512 540 765 626; x_wconf 88' lang='lat' dir='ltr'>Theophrastus.</span> <span class='ocrx_word' id='word_1_31' title='bbox 802 541 884 605; x_wconf 92' lang='lat' dir='ltr'>illud</span> <span class='ocrx_word' id='word_1_32' title='bbox 907 542 991 626; x_wconf 89' lang='lat' dir='ltr'>quod</span> <span class='ocrx_word' id='word_1_33' title='bbox 1016 564 1071 625; x_wconf 88' lang='lat' dir='ltr'>ap-</span> 
     </span>
     <span class='ocr_line' id='line_1_5' title="bbox 54 592 1071 716; baseline -0.002 -22"><span class='ocrx_word' id='word_1_34' title='bbox 54 637 151 715; x_wconf 83' lang='lat' dir='ltr'>paret</span> <span class='ocrx_word' id='word_1_35' title='bbox 174 629 216 694; x_wconf 90' lang='lat' dir='ltr'>ad</span> <span class='ocrx_word' id='word_1_36' title='bbox 239 592 411 716; x_wconf 77' lang='lat' dir='ltr'>agricolas,</span> <span class='ocrx_word' id='word_1_37' title='bbox 433 631 467 694; x_wconf 94' lang='lat' dir='ltr'>id</span> <span class='ocrx_word' id='word_1_38' title='bbox 489 630 663 695; x_wconf 81' lang='lat' dir='ltr'>ridendum</span> <span class='ocrx_word' id='word_1_39' title='bbox 687 630 868 714; x_wconf 85' lang='lat' dir='ltr'>diligenter.</span> <span class='ocrx_word' id='word_1_40' title='bbox 914 629 1071 713; x_wconf 86' lang='lat' dir='ltr'><strong>quaedam</strong></span> 
     </span>
     <span class='ocr_line' id='line_1_6' title="bbox 25 718 1072 803; baseline -0.001 -20"><span class='ocrx_word' id='word_1_41' title='bbox 25 718 152 783; x_wconf 81' lang='lat' dir='ltr'>sonim</span> <span class='ocrx_word' id='word_1_42' title='bbox 169 718 210 784; x_wconf 85' lang='lat' dir='ltr'>ad</span> <span class='ocrx_word' id='word_1_43' title='bbox 233 719 416 803; x_wconf 82' lang='lat' dir='ltr'>genendum</span> <span class='ocrx_word' id='word_1_44' title='bbox 438 741 541 803; x_wconf 86' lang='lat' dir='ltr'>prona</span> <span class='ocrx_word' id='word_1_45' title='bbox 563 740 666 803; x_wconf 90' lang='lat' dir='ltr'>usque</span> <span class='ocrx_word' id='word_1_46' title='bbox 689 718 768 783; x_wconf 89' lang='lat' dir='ltr'>adeo</span> <span class='ocrx_word' id='word_1_47' title='bbox 799 741 913 803; x_wconf 85' lang='lat' dir='ltr'>parva,</span> <span class='ocrx_word' id='word_1_48' title='bbox 941 723 979 783; x_wconf 88' lang='lat' dir='ltr'>ut</span> <span class='ocrx_word' id='word_1_49' title='bbox 1006 719 1072 782; x_wconf 89' lang='lat' dir='ltr'>sint</span> 
     </span>
     <span class='ocr_line' id='line_1_7' title="bbox 56 806 1072 892; baseline -0.003 -19"><span class='ocrx_word' id='word_1_50' title='bbox 56 806 205 891; x_wconf 88' lang='lat' dir='ltr'>obscura,</span> <span class='ocrx_word' id='word_1_51' title='bbox 227 811 265 872; x_wconf 92' lang='lat' dir='ltr'>ut</span> <span class='ocrx_word' id='word_1_52' title='bbox 283 808 436 891; x_wconf 83' lang='lat' dir='ltr'>cupressi.</span> <span class='ocrx_word' id='word_1_53' title='bbox 468 829 534 873; x_wconf 89' lang='grc'>000</span> <span class='ocrx_word' id='word_1_54' title='bbox 554 808 640 871; x_wconf 91' lang='lat' dir='ltr'>enim</span> <span class='ocrx_word' id='word_1_55' title='bbox 659 806 783 892; x_wconf 85' lang='lat' dir='ltr'>galbuli</span> <span class='ocrx_word' id='word_1_56' title='bbox 807 807 862 892; x_wconf 91' lang='lat' dir='ltr'>qui</span> <span class='ocrx_word' id='word_1_57' title='bbox 885 811 1072 889; x_wconf 85' lang='lat' dir='ltr'>nascuntur,</span> 
     </span>
     <span class='ocr_line' id='line_1_8' title="bbox 55 896 1072 981; baseline -0.001 -21"><span class='ocrx_word' id='word_1_58' title='bbox 55 896 90 961; x_wconf 91' lang='lat' dir='ltr'>id</span> <span class='ocrx_word' id='word_1_59' title='bbox 115 900 166 961; x_wconf 86' lang='grc'>000</span> <span class='ocrx_word' id='word_1_60' title='bbox 188 898 356 980; x_wconf 78' lang='lat' dir='ltr'><strong>tamquam</strong></span> <span class='ocrx_word' id='word_1_61' title='bbox 378 896 466 979; x_wconf 90' lang='lat' dir='ltr'>pilae</span> <span class='ocrx_word' id='word_1_62' title='bbox 489 917 608 981; x_wconf 86' lang='lat' dir='ltr'>parvae</span> <span class='ocrx_word' id='word_1_63' title='bbox 626 896 790 979; x_wconf 87' lang='lat' dir='ltr'>corticiae,</span> <span class='ocrx_word' id='word_1_64' title='bbox 813 896 847 960; x_wconf 86' lang='lat' dir='ltr'>id</span> <span class='ocrx_word' id='word_1_65' title='bbox 873 918 992 979; x_wconf 92' lang='lat' dir='ltr'>semen,</span> <span class='ocrx_word' id='word_1_66' title='bbox 1016 896 1072 959; x_wconf 91' lang='lat' dir='ltr'>sed</span> 
     </span>
     <span class='ocr_line' id='line_1_9' title="bbox 55 984 1100 1070; baseline -0.001 -21"><span class='ocrx_word' id='word_1_67' title='bbox 55 984 91 1049; x_wconf 93' lang='lat' dir='ltr'>in</span> <span class='ocrx_word' id='word_1_68' title='bbox 115 985 156 1049; x_wconf 92' lang='lat' dir='ltr'>iis</span> <span class='ocrx_word' id='word_1_69' title='bbox 179 985 278 1050; x_wconf 88' lang='lat' dir='ltr'>intus.</span> <span class='ocrx_word' id='word_1_70' title='bbox 316 985 512 1070; x_wconf 85' lang='lat' dir='ltr'>primigenia</span> <span class='ocrx_word' id='word_1_71' title='bbox 536 985 660 1048; x_wconf 90' lang='lat' dir='ltr'>semina</span> <span class='ocrx_word' id='word_1_72' title='bbox 683 985 773 1048; x_wconf 89' lang='lat' dir='ltr'>dedit</span> <span class='ocrx_word' id='word_1_73' title='bbox 795 989 921 1067; x_wconf 88' lang='lat' dir='ltr'>natura,</span> <span class='ocrx_word' id='word_1_74' title='bbox 944 984 1100 1069; x_wconf 79' lang='lat' dir='ltr'>reliqua2</span> 
     </span>
     <span class='ocr_line' id='line_1_10' title="bbox 54 1073 1073 1158; baseline -0.001 -21"><span class='ocrx_word' id='word_1_75' title='bbox 54 1073 181 1138; x_wconf 88' lang='lat' dir='ltr'>invenit</span> <span class='ocrx_word' id='word_1_76' title='bbox 212 1073 412 1158; x_wconf 78' lang='lat' dir='ltr'>experientia</span> <span class='ocrx_word' id='word_1_77' title='bbox 443 1073 557 1138; x_wconf 89' lang='grc'>001001.</span> <span class='ocrx_word' id='word_1_78' title='bbox 612 1075 716 1155; x_wconf 91' lang='lat' dir='ltr'>[num]</span> <span class='ocrx_word' id='word_1_79' title='bbox 749 1073 856 1156; x_wconf 92' lang='lat' dir='ltr'>prima</span> <span class='ocrx_word' id='word_1_80' title='bbox 889 1095 971 1158; x_wconf 90' lang='lat' dir='ltr'>quae</span> <span class='ocrx_word' id='word_1_81' title='bbox 1004 1074 1073 1136; x_wconf 89' lang='lat' dir='ltr'>sine</span> 
     </span>
     <span class='ocr_line' id='line_1_11' title="bbox 16 1162 1072 1247; baseline -0.002 -19"><span class='ocrx_word' id='word_1_82' title='bbox 16 1189 43 1228; x_wconf 89' lang='lat' dir='ltr'>ro</span> <span class='ocrx_word' id='word_1_83' title='bbox 57 1162 184 1246; x_wconf 88' lang='grc'>001000,</span> <span class='ocrx_word' id='word_1_84' title='bbox 205 1162 394 1247; x_wconf 89' lang='lat' dir='ltr'>priusquam</span> <span class='ocrx_word' id='word_1_85' title='bbox 415 1166 496 1245; x_wconf 89' lang='lat' dir='ltr'>sata,</span> <span class='ocrx_word' id='word_1_86' title='bbox 513 1166 606 1246; x_wconf 70' lang='lat' dir='ltr'>nata,</span> <span class='ocrx_word' id='word_1_87' title='bbox 630 1162 772 1226; x_wconf 85' lang='lat' dir='ltr'>secunda</span> <span class='ocrx_word' id='word_1_88' title='bbox 791 1184 872 1245; x_wconf 97' lang='grc'>0000</span> <span class='ocrx_word' id='word_1_89' title='bbox 892 1163 989 1226; x_wconf 84' lang='lat' dir='ltr'>exiis</span> <span class='ocrx_word' id='word_1_90' title='bbox 1009 1163 1072 1226; x_wconf 90' lang='lat' dir='ltr'>col-</span> 
     </span>
     <span class='ocr_line' id='line_1_12' title="bbox 56 1251 1073 1335; baseline 0 -21"><span class='ocrx_word' id='word_1_91' title='bbox 56 1251 144 1316; x_wconf 85' lang='lat' dir='ltr'>lecta</span> <span class='ocrx_word' id='word_1_92' title='bbox 175 1272 293 1335; x_wconf 87' lang='lat' dir='ltr'>neque,</span> <span class='ocrx_word' id='word_1_93' title='bbox 324 1251 513 1334; x_wconf 87' lang='lat' dir='ltr'>priusquam</span> <span class='ocrx_word' id='word_1_94' title='bbox 546 1254 630 1335; x_wconf 86' lang='lat' dir='ltr'>sata,</span> <span class='ocrx_word' id='word_1_95' title='bbox 666 1254 754 1315; x_wconf 90' lang='lat' dir='ltr'>nata.</span> <span class='ocrx_word' id='word_1_96' title='bbox 810 1253 917 1334; x_wconf 90' lang='lat' dir='ltr'>prima</span> <span class='ocrx_word' id='word_1_97' title='bbox 950 1252 1073 1315; x_wconf 90' lang='lat' dir='ltr'>semina</span> 
     </span>
     <span class='ocr_line' id='line_1_13' title="bbox 56 1338 1074 1424; baseline 0.002 -22"><span class='ocrx_word' id='word_1_98' title='bbox 56 1338 167 1403; x_wconf 82' lang='lat' dir='ltr'>ridere</span> <span class='ocrx_word' id='word_1_99' title='bbox 195 1342 326 1424; x_wconf 91' lang='lat' dir='ltr'>oportet</span> <span class='ocrx_word' id='word_1_100' title='bbox 354 1361 395 1404; x_wconf 91' lang='lat' dir='ltr'>ne</span> <span class='ocrx_word' id='word_1_101' title='bbox 424 1342 585 1403; x_wconf 87' lang='lat' dir='ltr'>vetustate</span> <span class='ocrx_word' id='word_1_102' title='bbox 614 1340 680 1403; x_wconf 87' lang='lat' dir='ltr'>sint</span> <span class='ocrx_word' id='word_1_103' title='bbox 709 1343 841 1404; x_wconf 85' lang='lat' dir='ltr'>exsucta</span> <span class='ocrx_word' id='word_1_104' title='bbox 864 1345 920 1404; x_wconf 89' lang='lat' dir='ltr'>aut</span> <span class='ocrx_word' id='word_1_105' title='bbox 943 1362 983 1404; x_wconf 91' lang='lat' dir='ltr'>ne</span> <span class='ocrx_word' id='word_1_106' title='bbox 1007 1342 1074 1404; x_wconf 90' lang='grc'>0100</span> 
     </span>
     <span class='ocr_line' id='line_1_14' title="bbox 56 1427 1073 1512; baseline 0.001 -21"><span class='ocrx_word' id='word_1_107' title='bbox 56 1427 202 1492; x_wconf 85' lang='lat' dir='ltr'>admixta</span> <span class='ocrx_word' id='word_1_108' title='bbox 226 1431 283 1492; x_wconf 90' lang='lat' dir='ltr'>aut</span> <span class='ocrx_word' id='word_1_109' title='bbox 304 1450 345 1492; x_wconf 91' lang='grc'>00</span> <span class='ocrx_word' id='word_1_110' title='bbox 368 1432 501 1512; x_wconf 85' lang='lat' dir='ltr'>propter</span> <span class='ocrx_word' id='word_1_111' title='bbox 525 1428 771 1491; x_wconf 88' lang='lat' dir='ltr'>similitudinem</span> <span class='ocrx_word' id='word_1_112' title='bbox 795 1429 862 1491; x_wconf 90' lang='lat' dir='ltr'>sint</span> <span class='ocrx_word' id='word_1_113' title='bbox 884 1428 1073 1492; x_wconf 89' lang='lat' dir='ltr'>adulterina.</span> 
     </span>
     <span class='ocr_line' id='line_1_15' title="bbox 56 1516 1074 1600; baseline 0 -20"><span class='ocrx_word' id='word_1_114' title='bbox 56 1536 171 1581; x_wconf 88' lang='lat' dir='ltr'>semen</span> <span class='ocrx_word' id='word_1_115' title='bbox 202 1520 297 1582; x_wconf 79' lang='lat' dir='ltr'>retus</span> <span class='ocrx_word' id='word_1_116' title='bbox 329 1520 455 1581; x_wconf 89' lang='lat' dir='ltr'>tantum</span> <span class='ocrx_word' id='word_1_117' title='bbox 488 1519 576 1581; x_wconf 85' lang='lat' dir='ltr'>valet</span> <span class='ocrx_word' id='word_1_118' title='bbox 608 1517 643 1580; x_wconf 92' lang='lat' dir='ltr'>in</span> <span class='ocrx_word' id='word_1_119' title='bbox 673 1516 866 1599; x_wconf 90' lang='lat' dir='ltr'>quibusdam</span> <span class='ocrx_word' id='word_1_120' title='bbox 898 1517 1005 1600; x_wconf 91' lang='lat' dir='ltr'>rebus,</span> <span class='ocrx_word' id='word_1_121' title='bbox 1036 1520 1074 1581; x_wconf 88' lang='grc'>00</span> 
     </span>
     <span class='ocr_line' id='line_1_16' title="bbox 16 1605 1072 1670; baseline -0.001 -1"><span class='ocrx_word' id='word_1_122' title='bbox 16 1609 211 1670; x_wconf 75' lang='lat' dir='ltr'>uncturam</span> <span class='ocrx_word' id='word_1_123' title='bbox 235 1609 409 1670; x_wconf 84' lang='lat' dir='ltr'>conmutat.</span> <span class='ocrx_word' id='word_1_124' title='bbox 454 1627 532 1669; x_wconf 90' lang='lat' dir='ltr'>nam</span> <span class='ocrx_word' id='word_1_125' title='bbox 560 1627 599 1668; x_wconf 89' lang='grc'>00</span> <span class='ocrx_word' id='word_1_126' title='bbox 628 1605 749 1668; x_wconf 91' lang='lat' dir='ltr'>semine</span> <span class='ocrx_word' id='word_1_127' title='bbox 778 1606 942 1669; x_wconf 87' lang='lat' dir='ltr'>brassicae</span> <span class='ocrx_word' id='word_1_128' title='bbox 964 1607 1072 1669; x_wconf 81' lang='lat' dir='ltr'>vetere</span> 
     </span>
     <span class='ocr_line' id='line_1_17' title="bbox 57 1694 1071 1779; baseline 0 -21"><span class='ocrx_word' id='word_1_129' title='bbox 57 1697 131 1759; x_wconf 88' lang='lat' dir='ltr'>sato</span> <span class='ocrx_word' id='word_1_130' title='bbox 150 1694 240 1758; x_wconf 91' lang='lat' dir='ltr'>nasci</span> <span class='ocrx_word' id='word_1_131' title='bbox 260 1694 352 1758; x_wconf 90' lang='lat' dir='ltr'>aiunt</span> <span class='ocrx_word' id='word_1_132' title='bbox 370 1716 451 1779; x_wconf 90' lang='lat' dir='ltr'>rapa</span> <span class='ocrx_word' id='word_1_133' title='bbox 469 1698 503 1758; x_wconf 91' lang='lat' dir='ltr'>et</span> <span class='ocrx_word' id='word_1_134' title='bbox 520 1698 634 1758; x_wconf 88' lang='lat' dir='ltr'>contra</span> <span class='ocrx_word' id='word_1_135' title='bbox 653 1715 692 1757; x_wconf 85' lang='lat' dir='ltr'>ex</span> <span class='ocrx_word' id='word_1_136' title='bbox 710 1716 864 1777; x_wconf 87' lang='lat' dir='ltr'>raporum</span> <span class='ocrx_word' id='word_1_137' title='bbox 880 1694 1071 1758; x_wconf 85' lang='lat' dir='ltr'>brassicam.</span> 
     </span>
     <span class='ocr_line' id='line_1_18' title="bbox 56 1782 1102 1867; baseline 0 -20"><span class='ocrx_word' id='word_1_138' title='bbox 56 1782 199 1848; x_wconf 89' lang='lat' dir='ltr'>secunda</span> <span class='ocrx_word' id='word_1_139' title='bbox 218 1784 340 1848; x_wconf 89' lang='lat' dir='ltr'>semina</span> <span class='ocrx_word' id='word_1_140' title='bbox 358 1783 467 1847; x_wconf 84' lang='lat' dir='ltr'>videre</span> <span class='ocrx_word' id='word_1_141' title='bbox 486 1786 616 1867; x_wconf 89' lang='lat' dir='ltr'>oportet</span> <span class='ocrx_word' id='word_1_142' title='bbox 633 1805 684 1866; x_wconf 89' lang='lat' dir='ltr'>nc,</span> <span class='ocrx_word' id='word_1_143' title='bbox 701 1783 785 1846; x_wconf 90' lang='lat' dir='ltr'>unde</span> <span class='ocrx_word' id='word_1_144' title='bbox 804 1783 912 1861; x_wconf 75' lang='lat' dir='ltr'>tollae,</span> <span class='ocrx_word' id='word_1_145' title='bbox 931 1782 1068 1846; x_wconf 90' lang='lat' dir='ltr'>nimium</span> <span class='ocrx_word' id='word_1_146' title='bbox 1084 1790 1102 1847; x_wconf 89' lang='lat'>3</span> 
     </span>
     <span class='ocr_line' id='line_1_19' title="bbox 56 1870 1072 1955; baseline -0.001 -20"><span class='ocrx_word' id='word_1_147' title='bbox 56 1871 123 1936; x_wconf 88' lang='grc'>0100</span> <span class='ocrx_word' id='word_1_148' title='bbox 152 1874 210 1935; x_wconf 87' lang='grc'>000</span> <span class='ocrx_word' id='word_1_149' title='bbox 237 1872 331 1936; x_wconf 86' lang='lat' dir='ltr'>tarda</span> <span class='ocrx_word' id='word_1_150' title='bbox 361 1872 467 1937; x_wconf 88' lang='grc'>001100.</span> <span class='ocrx_word' id='word_1_151' title='bbox 512 1875 641 1954; x_wconf 91' lang='lat' dir='ltr'>tempus</span> <span class='ocrx_word' id='word_1_152' title='bbox 674 1872 759 1935; x_wconf 90' lang='lat' dir='ltr'>enim</span> <span class='ocrx_word' id='word_1_153' title='bbox 791 1872 952 1953; x_wconf 89' lang='lat' dir='ltr'>idoneum,</span> <span class='ocrx_word' id='word_1_154' title='bbox 988 1870 1072 1955; x_wconf 91' lang='lat' dir='ltr'>quod</span> 
     </span>
     <span class='ocr_line' id='line_1_20' title="bbox 56 1959 1073 2044; baseline 0 -20"><span class='ocrx_word' id='word_1_155' title='bbox 56 1959 172 2024; x_wconf 75' lang='lat' dir='ltr'>scribit</span> <span class='ocrx_word' id='word_1_156' title='bbox 200 1959 461 2044; x_wconf 83' lang='lat' dir='ltr'>Theophrastus,</span> <span class='ocrx_word' id='word_1_157' title='bbox 495 1981 571 2024; x_wconf 84' lang='lat' dir='ltr'>vere</span> <span class='ocrx_word' id='word_1_158' title='bbox 600 1966 632 2024; x_wconf 87' lang='lat' dir='ltr'>et</span> <span class='ocrx_word' id='word_1_159' title='bbox 660 1964 815 2025; x_wconf 90' lang='lat' dir='ltr'>autumno</span> <span class='ocrx_word' id='word_1_160' title='bbox 847 1964 879 2024; x_wconf 92' lang='lat' dir='ltr'>et</span> <span class='ocrx_word' id='word_1_161' title='bbox 909 1961 1073 2025; x_wconf 88' lang='lat' dir='ltr'>caniculae</span> 
     </span>
     <span class='ocr_line' id='line_1_21' title="bbox 17 2048 1074 2134; baseline -0.001 -20"><span class='ocrx_word' id='word_1_162' title='bbox 17 2052 184 2132; x_wconf 79' lang='lat' dir='ltr'>reexortu,</span> <span class='ocrx_word' id='word_1_163' title='bbox 211 2070 315 2131; x_wconf 89' lang='grc'>00000</span> <span class='ocrx_word' id='word_1_164' title='bbox 343 2049 494 2113; x_wconf 82' lang='lat' dir='ltr'>omnibus</span> <span class='ocrx_word' id='word_1_165' title='bbox 523 2048 604 2113; x_wconf 90' lang='lat' dir='ltr'>locis</span> <span class='ocrx_word' id='word_1_166' title='bbox 633 2071 669 2112; x_wconf 88' lang='grc'>00</span> <span class='ocrx_word' id='word_1_167' title='bbox 698 2051 870 2134; x_wconf 85' lang='lat' dir='ltr'>generibus</span> <span class='ocrx_word' id='word_1_168' title='bbox 900 2050 995 2114; x_wconf 90' lang='lat' dir='ltr'>idem.</span> <span class='ocrx_word' id='word_1_169' title='bbox 1040 2050 1074 2113; x_wconf 91' lang='grc'>10</span> 
     </span>
     <span class='ocr_line' id='line_1_22' title="bbox 56 2137 1075 2221; baseline 0 -20"><span class='ocrx_word' id='word_1_170' title='bbox 56 2137 144 2202; x_wconf 84' lang='grc'>01000</span> <span class='ocrx_word' id='word_1_171' title='bbox 173 2140 206 2202; x_wconf 92' lang='grc'>00</span> <span class='ocrx_word' id='word_1_172' title='bbox 233 2158 343 2201; x_wconf 90' lang='lat' dir='ltr'>macro</span> <span class='ocrx_word' id='word_1_173' title='bbox 367 2138 440 2202; x_wconf 91' lang='lat' dir='ltr'>loco</span> <span class='ocrx_word' id='word_1_174' title='bbox 464 2141 498 2200; x_wconf 88' lang='grc'>00</span> <span class='ocrx_word' id='word_1_175' title='bbox 521 2137 675 2221; x_wconf 83' lang='lat' dir='ltr'>argilloso</span> <span class='ocrx_word' id='word_1_176' title='bbox 699 2160 834 2202; x_wconf 84' lang='lat' dir='ltr'>vernum</span> <span class='ocrx_word' id='word_1_177' title='bbox 857 2141 985 2221; x_wconf 87' lang='lat' dir='ltr'>tempus</span> <span class='ocrx_word' id='word_1_178' title='bbox 1008 2138 1075 2202; x_wconf 90' lang='lat' dir='ltr'>ido·</span> 
     </span>
     <span class='ocr_line' id='line_1_23' title="bbox 55 2225 1074 2310; baseline 0.001 -21"><span class='ocrx_word' id='word_1_179' title='bbox 55 2246 169 2308; x_wconf 87' lang='lat' dir='ltr'>neum,</span> <span class='ocrx_word' id='word_1_180' title='bbox 202 2247 266 2310; x_wconf 92' lang='lat' dir='ltr'>quo</span> <span class='ocrx_word' id='word_1_181' title='bbox 299 2226 405 2290; x_wconf 86' lang='lat' dir='ltr'>minus</span> <span class='ocrx_word' id='word_1_182' title='bbox 437 2225 538 2291; x_wconf 87' lang='lat' dir='ltr'>habet</span> <span class='ocrx_word' id='word_1_183' title='bbox 570 2227 704 2290; x_wconf 89' lang='lat' dir='ltr'>umoris:</span> <span class='ocrx_word' id='word_1_184' title='bbox 742 2227 775 2289; x_wconf 93' lang='lat' dir='ltr'>in</span> <span class='ocrx_word' id='word_1_185' title='bbox 804 2230 894 2291; x_wconf 90' lang='lat' dir='ltr'>terra</span> <span class='ocrx_word' id='word_1_186' title='bbox 920 2227 1009 2291; x_wconf 91' lang='lat' dir='ltr'>bona</span> <span class='ocrx_word' id='word_1_187' title='bbox 1037 2247 1074 2290; x_wconf 88' lang='lat' dir='ltr'>ac</span> 
     </span>
     <span class='ocr_line' id='line_1_24' title="bbox 55 2313 1074 2400; baseline 0 -22"><span class='ocrx_word' id='word_1_188' title='bbox 55 2313 174 2400; x_wconf 80' lang='lat' dir='ltr'>pingui</span> <span class='ocrx_word' id='word_1_189' title='bbox 196 2316 363 2398; x_wconf 88' lang='lat' dir='ltr'>autumno,</span> <span class='ocrx_word' id='word_1_190' title='bbox 386 2314 472 2398; x_wconf 89' lang='lat' dir='ltr'>quod</span> <span class='ocrx_word' id='word_1_191' title='bbox 495 2336 569 2379; x_wconf 80' lang='lat' dir='ltr'>rere</span> <span class='ocrx_word' id='word_1_192' title='bbox 593 2315 715 2378; x_wconf 92' lang='lat' dir='ltr'>multus</span> <span class='ocrx_word' id='word_1_193' title='bbox 736 2337 836 2397; x_wconf 88' lang='lat' dir='ltr'>umor,</span> <span class='ocrx_word' id='word_1_194' title='bbox 859 2337 957 2398; x_wconf 91' lang='lat' dir='ltr'>quam</span> <span class='ocrx_word' id='word_1_195' title='bbox 975 2316 1074 2378; x_wconf 90' lang='lat' dir='ltr'>satio·</span> 
     </span>
     <span class='ocr_line' id='line_1_25' title="bbox 55 2402 1104 2488; baseline 0.001 -22"><span class='ocrx_word' id='word_1_196' title='bbox 55 2424 133 2467; x_wconf 87' lang='lat' dir='ltr'>nem</span> <span class='ocrx_word' id='word_1_197' title='bbox 153 2402 285 2486; x_wconf 89' lang='lat' dir='ltr'>quidam</span> <span class='ocrx_word' id='word_1_198' title='bbox 299 2403 477 2467; x_wconf 86' lang='lat' dir='ltr'>metiuntur</span> <span class='ocrx_word' id='word_1_199' title='bbox 491 2403 558 2466; x_wconf 87' lang='lat' dir='ltr'>fere</span> <span class='ocrx_word' id='word_1_200' title='bbox 573 2403 686 2466; x_wconf 91' lang='lat' dir='ltr'>dicbus</span> <span class='ocrx_word' id='word_1_201' title='bbox 701 2421 784 2468; x_wconf 86' lang='lat' dir='ltr'><strong>xxx.</strong></span> <span class='ocrx_word' id='word_1_202' title='bbox 821 2405 955 2466; x_wconf 88' lang='lat' dir='ltr'>tertium</span> <span class='ocrx_word' id='word_1_203' title='bbox 970 2412 1104 2488; x_wconf 83' lang='lat' dir='ltr'>genus4</span> 
     </span>
     <span class='ocr_line' id='line_1_26' title="bbox 18 2491 1074 2576; baseline 0 -20"><span class='ocrx_word' id='word_1_204' title='bbox 18 2514 44 2556; x_wconf 78' lang='lat' dir='ltr'>rt</span> <span class='ocrx_word' id='word_1_205' title='bbox 58 2491 203 2569; x_wconf 82' lang='lat' dir='ltr'>seminis,</span> <span class='ocrx_word' id='word_1_206' title='bbox 223 2491 307 2576; x_wconf 90' lang='lat' dir='ltr'>quod</span> <span class='ocrx_word' id='word_1_207' title='bbox 327 2513 365 2555; x_wconf 90' lang='grc'>00</span> <span class='ocrx_word' id='word_1_208' title='bbox 386 2492 500 2556; x_wconf 90' lang='lat' dir='ltr'>arbore</span> <span class='ocrx_word' id='word_1_209' title='bbox 519 2513 577 2575; x_wconf 91' lang='lat' dir='ltr'>per</span> <span class='ocrx_word' id='word_1_210' title='bbox 597 2492 720 2556; x_wconf 83' lang='lat' dir='ltr'>surclos</span> <span class='ocrx_word' id='word_1_211' title='bbox 737 2491 881 2555; x_wconf 85' lang='lat' dir='ltr'>defertur</span> <span class='ocrx_word' id='word_1_212' title='bbox 894 2492 929 2555; x_wconf 93' lang='lat' dir='ltr'>in</span> <span class='ocrx_word' id='word_1_213' title='bbox 942 2494 1074 2570; x_wconf 87' lang='lat' dir='ltr'>terram,</span> 
     </span>
     <span class='ocr_line' id='line_1_27' title="bbox 56 2579 1107 2663; baseline 0.001 -19"><span class='ocrx_word' id='word_1_214' title='bbox 56 2580 85 2644; x_wconf 86' lang='lat' dir='ltr'>si</span> <span class='ocrx_word' id='word_1_215' title='bbox 108 2579 144 2645; x_wconf 94' lang='lat' dir='ltr'>in</span> <span class='ocrx_word' id='word_1_216' title='bbox 166 2580 303 2644; x_wconf 89' lang='lat' dir='ltr'>humum</span> <span class='ocrx_word' id='word_1_217' title='bbox 325 2579 519 2663; x_wconf 85' lang='lat' dir='ltr'>demittitur,</span> <span class='ocrx_word' id='word_1_218' title='bbox 546 2581 582 2643; x_wconf 92' lang='lat' dir='ltr'>in</span> <span class='ocrx_word' id='word_1_219' title='bbox 605 2579 799 2662; x_wconf 90' lang='lat' dir='ltr'>quibusdam</span> <span class='ocrx_word' id='word_1_220' title='bbox 831 2581 932 2660; x_wconf 90' lang='lat' dir='ltr'>[cum]</span> <span class='ocrx_word' id='word_1_221' title='bbox 957 2583 1007 2644; x_wconf 89' lang='lat' dir='ltr'>est</span> <span class='ocrx_word' id='word_1_222' title='bbox 1028 2581 1074 2644; x_wconf 84' lang='lat' dir='ltr'>vi·</span> <span class='ocrx_word' id='word_1_223' title='bbox 1103 2641 1107 2646; x_wconf 82' lang='lat'><em>.</em></span> 
     </span>
     <span class='ocr_line' id='line_1_28' title="bbox 56 2668 1075 2753; baseline 0 -21"><span class='ocrx_word' id='word_1_224' title='bbox 56 2668 199 2733; x_wconf 79' lang='lat' dir='ltr'>(lendum</span> <span class='ocrx_word' id='word_1_225' title='bbox 227 2673 264 2733; x_wconf 92' lang='grc'>00</span> <span class='ocrx_word' id='word_1_226' title='bbox 292 2690 330 2733; x_wconf 89' lang='grc'>00</span> <span class='ocrx_word' id='word_1_227' title='bbox 357 2673 503 2752; x_wconf 88' lang='lat' dir='ltr'>tempore</span> <span class='ocrx_word' id='word_1_228' title='bbox 528 2669 571 2732; x_wconf 90' lang='lat' dir='ltr'>sit</span> <span class='ocrx_word' id='word_1_229' title='bbox 593 2668 835 2753; x_wconf 88' lang='lat' dir='ltr'>deplantatum,</span> <span class='ocrx_word' id='word_1_230' title='bbox 858 2691 922 2752; x_wconf 91' lang='lat' dir='ltr'>quo</span> <span class='ocrx_word' id='word_1_231' title='bbox 946 2672 1075 2753; x_wconf 87' lang='lat' dir='ltr'>oportet</span> 
     </span>
     <span class='ocr_line' id='line_1_29' title="bbox 57 2753 1075 2842; baseline 0 -20"><span class='ocrx_word' id='word_1_232' title='bbox 57 2753 105 2841; x_wconf 92' lang='lat' dir='ltr'>(id</span> <span class='ocrx_word' id='word_1_233' title='bbox 127 2757 168 2821; x_wconf 89' lang='lat' dir='ltr'>fit</span> <span class='ocrx_word' id='word_1_234' title='bbox 197 2760 282 2838; x_wconf 87' lang='lat' dir='ltr'>tum,</span> <span class='ocrx_word' id='word_1_235' title='bbox 310 2761 484 2842; x_wconf 88' lang='lat' dir='ltr'>antequam</span> <span class='ocrx_word' id='word_1_236' title='bbox 512 2778 676 2842; x_wconf 84' lang='lat' dir='ltr'>gemmare</span> <span class='ocrx_word' id='word_1_237' title='bbox 704 2762 760 2821; x_wconf 91' lang='lat' dir='ltr'>aut</span> <span class='ocrx_word' id='word_1_238' title='bbox 786 2758 900 2822; x_wconf 87' lang='lat' dir='ltr'>florere</span> <span class='ocrx_word' id='word_1_239' title='bbox 929 2758 1006 2842; x_wconf 91' lang='lat' dir='ltr'>quid</span> <span class='ocrx_word' id='word_1_240' title='bbox 1029 2759 1075 2822; x_wconf 89' lang='lat' dir='ltr'>in-</span> 
     </span>
     <span class='ocr_line' id='line_1_30' title="bbox 56 2842 1073 2930; baseline -0.001 -19"><span class='ocrx_word' id='word_1_241' title='bbox 56 2842 166 2930; x_wconf 89' lang='lat' dir='ltr'>cipit);</span> <span class='ocrx_word' id='word_1_242' title='bbox 204 2849 237 2909; x_wconf 87' lang='lat' dir='ltr'>et</span> <span class='ocrx_word' id='word_1_243' title='bbox 264 2867 346 2929; x_wconf 89' lang='grc'>0000</span> <span class='ocrx_word' id='word_1_244' title='bbox 374 2846 412 2909; x_wconf 89' lang='grc'>(10</span> <span class='ocrx_word' id='word_1_245' title='bbox 441 2848 555 2911; x_wconf 92' lang='lat' dir='ltr'>arbore</span> <span class='ocrx_word' id='word_1_246' title='bbox 583 2846 762 2911; x_wconf 88' lang='lat' dir='ltr'>transferas</span> <span class='ocrx_word' id='word_1_247' title='bbox 785 2850 822 2911; x_wconf 91' lang='lat' dir='ltr'>ut</span> <span class='ocrx_word' id='word_1_248' title='bbox 846 2869 883 2911; x_wconf 90' lang='lat' dir='ltr'>ea</span> <span class='ocrx_word' id='word_1_249' title='bbox 906 2847 1073 2930; x_wconf 86' lang='lat' dir='ltr'>deplantes</span> 
     </span>
     <span class='ocr_line' id='line_1_31' title="bbox 17 2933 1075 3020; baseline 0.001 -22"><span class='ocrx_word' id='word_1_250' title='bbox 17 2934 169 3018; x_wconf 84' lang='grc'>0000100</span> <span class='ocrx_word' id='word_1_251' title='bbox 194 2956 292 3018; x_wconf 86' lang='lat' dir='ltr'>quam</span> <span class='ocrx_word' id='word_1_252' title='bbox 316 2933 490 3018; x_wconf 84' lang='lat' dir='ltr'>defringas,</span> <span class='ocrx_word' id='word_1_253' title='bbox 522 2935 607 3018; x_wconf 91' lang='lat' dir='ltr'>quod</span> <span class='ocrx_word' id='word_1_254' title='bbox 631 2937 762 3020; x_wconf 89' lang='lat' dir='ltr'>plantae</span> <span class='ocrx_word' id='word_1_255' title='bbox 787 2936 892 3000; x_wconf 88' lang='lat' dir='ltr'>solum</span> <span class='ocrx_word' id='word_1_256' title='bbox 915 2936 1075 3020; x_wconf 85' lang='lat' dir='ltr'>stabilius,</span> 
     </span>
     <span class='ocr_line' id='line_1_32' title="bbox 56 3022 1075 3107; baseline 0 -20"><span class='ocrx_word' id='word_1_257' title='bbox 56 3044 122 3107; x_wconf 92' lang='grc'>000</span> <span class='ocrx_word' id='word_1_258' title='bbox 150 3022 251 3087; x_wconf 90' lang='grc'>100100</span> <span class='ocrx_word' id='word_1_259' title='bbox 281 3026 337 3087; x_wconf 86' lang='grc'>000</span> <span class='ocrx_word' id='word_1_260' title='bbox 372 3023 496 3088; x_wconf 90' lang='lat' dir='ltr'>radices</span> <span class='ocrx_word' id='word_1_261' title='bbox 529 3024 657 3088; x_wconf 85' lang='lat' dir='ltr'>facilius</span> <span class='ocrx_word' id='word_1_262' title='bbox 692 3025 802 3089; x_wconf 85' lang='lat' dir='ltr'>mittit.</span> <span class='ocrx_word' id='word_1_263' title='bbox 850 3046 887 3088; x_wconf 92' lang='grc'>00</span> <span class='ocrx_word' id='word_1_264' title='bbox 919 3026 1075 3104; x_wconf 88' lang='lat' dir='ltr'>celeriter,</span> 
     </span>
     <span class='ocr_line' id='line_1_33' title="bbox 56 3112 1074 3197; baseline 0.002 -21"><span class='ocrx_word' id='word_1_265' title='bbox 56 3115 233 3196; x_wconf 85' lang='lat' dir='ltr'>antequam</span> <span class='ocrx_word' id='word_1_266' title='bbox 253 3132 346 3176; x_wconf 90' lang='lat' dir='ltr'>sucus</span> <span class='ocrx_word' id='word_1_267' title='bbox 365 3115 541 3197; x_wconf 88' lang='lat' dir='ltr'>exarescat,</span> <span class='ocrx_word' id='word_1_268' title='bbox 559 3112 594 3179; x_wconf 90' lang='lat' dir='ltr'>in</span> <span class='ocrx_word' id='word_1_269' title='bbox 613 3116 734 3177; x_wconf 86' lang='lat' dir='ltr'>terram</span> <span class='ocrx_word' id='word_1_270' title='bbox 754 3113 938 3182; x_wconf 86' lang='lat' dir='ltr'>demittunt.</span> <span class='ocrx_word' id='word_1_271' title='bbox 971 3114 1074 3195; x_wconf 83' lang='lat' dir='ltr'>[dum]</span> 
     </span>
    </p>
   </div>
   <div class='ocr_carea' id='block_1_3' title="bbox 56 3302 1164 3444">
    <p class='ocr_par' dir='ltr' id='par_1_3' title="bbox 56 3302 1164 3444">
     <span class='ocr_line' id='line_1_34' title="bbox 149 3302 1164 3377; baseline -0.003 -20"><span class='ocrx_word' id='word_1_272' title='bbox 149 3305 336 3359; x_wconf 76' lang='lat' dir='ltr'>caenandum</span> <span class='ocrx_word' id='word_1_273' title='bbox 399 3304 502 3375; x_wconf 87' lang='lat' dir='ltr'>prona]</span> <span class='ocrx_word' id='word_1_274' title='bbox 517 3307 667 3374; x_wconf 83' lang='lat' dir='ltr'>propterea</span> <span class='ocrx_word' id='word_1_275' title='bbox 722 3311 755 3359; x_wconf 76' lang='lat'>21</span> <span class='ocrx_word' id='word_1_276' title='bbox 771 3305 857 3376; x_wconf 83' lang='lat' dir='ltr'>sicce]</span> <span class='ocrx_word' id='word_1_277' title='bbox 873 3305 929 3361; x_wconf 89' lang='lat' dir='ltr'>sico</span> <span class='ocrx_word' id='word_1_278' title='bbox 984 3311 1018 3358; x_wconf 79' lang='lat'>26</span> <span class='ocrx_word' id='word_1_279' title='bbox 1033 3302 1074 3357; x_wconf 91' lang='lat' dir='ltr'>di·</span> <span class='ocrx_word' id='word_1_280' title='bbox 1161 3373 1164 3377; x_wconf 27' lang='grc' dir='ltr'>Ι</span> 
     </span>
     <span class='ocr_line' id='line_1_35' title="bbox 56 3374 518 3444; baseline -0.002 -14"><span class='ocrx_word' id='word_1_281' title='bbox 56 3374 185 3430; x_wconf 86' lang='lat' dir='ltr'>mittitur</span> <span class='ocrx_word' id='word_1_282' title='bbox 257 3380 292 3430; x_wconf 74' lang='lat'>27</span> <span class='ocrx_word' id='word_1_283' title='bbox 311 3375 387 3443; x_wconf 87' lang='lat' dir='ltr'>quod</span> <span class='ocrx_word' id='word_1_284' title='bbox 405 3377 518 3444; x_wconf 84' lang='lat' dir='ltr'>eportet</span> 
     </span>
    </p>
   </div>
   <div class='ocr_carea' id='block_1_4' title="bbox 149 3569 878 3638">
    <p class='ocr_par' dir='ltr' id='par_1_4' title="bbox 149 3569 878 3638">
     <span class='ocr_line' id='line_1_36' title="bbox 149 3569 878 3638; baseline -0.004 -13"><span class='ocrx_word' id='word_1_285' title='bbox 149 3576 184 3625; x_wconf 76' lang='lat'>26</span> <span class='ocrx_word' id='word_1_286' title='bbox 203 3569 363 3624; x_wconf 85' lang='lat' dir='ltr'>demittitur</span> <span class='ocrx_word' id='word_1_287' title='bbox 382 3569 530 3624; x_wconf 67' lang='lat' dir='ltr'>Iracundus</span> <span class='ocrx_word' id='word_1_288' title='bbox 603 3576 636 3625; x_wconf 76' lang='lat'>27</span> <span class='ocrx_word' id='word_1_289' title='bbox 656 3587 711 3638; x_wconf 90' lang='grc'>000</span> <span class='ocrx_word' id='word_1_290' title='bbox 733 3570 845 3638; x_wconf 87' lang='lat' dir='ltr'>oportet</span> <span class='ocrx_word' id='word_1_291' title='bbox 862 3585 878 3623; x_wconf 88' lang='grc'>0</span> 
     </span>
    </p>
   </div>
   <div class='ocr_carea' id='block_1_5' title="bbox 0 0 1225 3952">
    <p class='ocr_par' dir='ltr' id='par_1_5' title="bbox 0 0 1225 3952">
     <span class='ocr_line' id='line_1_37' title="bbox 0 0 1225 3952; baseline 0 0"><span class='ocrx_word' id='word_1_292' title='bbox 0 0 1225 3952; x_wconf 95' lang='lat' dir='ltr'> </span> 
     </span>
    </p>
   </div>
  </div>
 </body>
</html>
