2430 3952
125 235 166 296 14
540 233 724 291 VARRONIS

70 385 109 442 15
121 380 204 443 turis
219 380 333 445 vivunt
346 380 527 445 velaturam
540 379 655 444 facere.
692 379 797 463 Certe,
815 380 923 465 inquit
936 381 1134 466 Fundanius,

121 469 201 531 aliut
228 469 337 551 pastio
367 473 400 532 et
428 469 510 533 aliut
538 469 610 554 agri
638 469 778 551 cultura,
809 468 864 533 sed
893 470 1008 534 adfinis
1037 476 1070 534 et
1096 476 1135 536 ut

121 555 233 619 dextra
256 557 339 621 tibia
362 558 426 621 alia
449 579 547 640 quam
570 557 711 643 sinistra,
733 557 781 622 ita
803 560 840 621 ut
862 561 972 623 tamen
995 560 1039 624 sit
1056 581 1134 643 quo-

121 644 195 707 dam
213 647 309 711 modo
330 647 508 728 coniuncta,
528 646 614 729 quod
633 649 684 709 est
702 646 805 710 altera
824 646 966 710 eiusdem
981 649 1133 713 carminis

69 732 289 798 16mod0rum
326 734 505 817 incentiva,
543 734 648 798 altera
681 734 874 799 succentiva.
927 736 973 800 Et
1005 736 1135 820 quidem
1162 757 1175 798 a

120 821 197 886 licet
215 821 344 907 adicias,
367 824 509 906 inquam,
532 826 700 905 pastorum
719 824 820 887 vitem
839 845 910 887 esse
929 825 1135 907 incentivam,

120 910 337 994 agricolarum
370 910 588 978 succentivam
622 915 752 975 auctore
784 911 971 996 doctissimo
1000 913 1134 978 homine

119 997 334 1084 Dicaearcho,
363 1000 419 1083 qui
447 999 601 1063 Graeciae
628 1000 697 1063 vita
721 1000 825 1083 qualis
848 1001 949 1065 fuerit
972 1002 1012 1065 ab
1036 1003 1133 1066 initio

119 1087 225 1162 nobis
242 1089 290 1151 ita
313 1088 467 1171 ostendit,
495 1091 531 1151 ut
559 1087 779 1171 superioribus
808 1089 1010 1171 temporibus
1032 1090 1134 1155 fuisse

120 1175 242 1257 doceat,
266 1197 338 1239 cum
361 1175 509 1240 homines
528 1177 735 1259 pastoricium
754 1177 856 1240 vitam
876 1183 1011 1262 agerent
1028 1201 1132 1263 neque
1148 1201 1175 1241 10

120 1264 253 1327 scirent·
272 1265 371 1327 etiam
404 1286 513 1339 arare,
531 1270 652 1328 terram
685 1268 740 1328 aut
773 1286 877 1329 serere
911 1267 1041 1330 arbores
1075 1271 1133 1332 aut

118 1355 248 1434 putare,
279 1353 383 1416 abiis
412 1353 563 1417 inferiore
588 1352 690 1437 gradu
713 1354 829 1417 aetatis
854 1358 1037 1438 susceptam
1061 1357 1132 1440 agri

118 1441 286 1506 culturam.
332 1441 483 1524 quocirca
515 1463 552 1504 ea
584 1442 722 1506 succinit
753 1443 912 1524 pastorali
943 1442 997 1526 [L]
1003 1494 1012 1525 ,
1045 1445 1131 1528 quod

118 1532 167 1591 est
194 1529 340 1612 inferior,
371 1532 408 1593 ut
434 1530 518 1593 tibia
546 1530 678 1593 sinistra
702 1553 721 1594 a
744 1529 876 1593 dextrae
908 1531 1131 1598 foraminibus.

67 1617 250 1702 17Agrius‚
273 1618 335 1700 Tu,
360 1618 473 1701 inquit,
496 1618 618 1682 tibicen
641 1639 706 1681 non
731 1619 836 1683 solum
860 1618 976 1684 adimis
1000 1620 1130 1686 domino
1147 1643 1173 1684 15

97 1726 223 1788 pecus,
247 1707 302 1769 sed
326 1707 422 1771 etiam
446 1707 549 1771 servis
573 1707 744 1790 peculium,
769 1707 886 1790 quibus
909 1708 1032 1772 domini
1051 1708 1131 1774 dant

116 1797 154 1855 ut
175 1798 321 1876 pascant,
346 1798 442 1878 atque
467 1795 565 1858 etiam
589 1795 678 1878 leges
703 1795 865 1858 colonicas
885 1798 984 1881 tollis,
1007 1797 1042 1861 in
1062 1799 1130 1880 qui-

116 1881 177 1944 bus
206 1882 390 1964 scribimus,
423 1882 557 1947 colonus
587 1883 621 1946 in
648 1903 728 1965 agro
757 1884 935 1949 surculario
963 1907 1003 1949 ne
1032 1908 1130 1969 capra

115 1973 230 2033 natum
247 1975 374 2052 pascat:
394 1993 473 2054 quas
493 1972 591 2034 etiam
612 1972 789 2056 astrologia
807 1972 841 2035 in
855 1974 982 2037 caelum
998 1975 1130 2058 recepit,

65 2061 181 2121 18non
215 2060 311 2142 longe
342 2059 382 2122 ab
415 2062 519 2123 tauro.
567 2058 627 2124 Oui
653 2058 853 2143 Fundanius,
886 2060 983 2144 Vide,
1014 2063 1128 2147 inquit,
1143 2084 1171 2124 ao

115 2167 165 2228 ne,
188 2145 279 2230 Agri,
302 2147 385 2210 istuc
410 2147 452 2211 sit
475 2147 516 2211 ab
540 2147 610 2232 hoc,
634 2169 706 2212 curn
729 2149 764 2211 in
786 2149 912 2232 legibus
932 2151 1029 2214 etiam
1052 2153 1126 2216 scri-

115 2235 212 2297 batur
240 2233 349 2317 ‘pecus
378 2235 559 2319 quoddam’.
606 2237 764 2319 quaedam
789 2238 875 2301 enim
899 2239 1036 2321 pecudes
1061 2241 1128 2304 cul-

115 2324 208 2385 turae
232 2327 306 2387 sunt
329 2324 478 2388 inimicae
502 2347 540 2388 ac
562 2346 695 2408 venene,
718 2328 755 2389 ut
778 2326 875 2409 istae,
903 2348 983 2411 quas
1008 2327 1128 2412 dixisti,

116 2432 241 2493 caprae.
287 2413 457 2477 cocenim
486 2413 595 2477 omnia
622 2415 753 2477 novella
779 2418 851 2478 sata
874 2416 1033 2498 carpendo
1058 2438 1127 2480 cor-

63 2503 282 2583 19rumpunt,
319 2522 385 2565 non
420 2502 590 2565 minimum
621 2502 703 2565 vites
736 2505 833 2584 atque
866 2504 962 2567 oleas.
1016 2504 1127 2587 itaque
1142 2525 1169 2565 as

114 2594 287 2672 propterea
315 2591 501 2653 institutum
530 2590 657 2653 diversa
686 2589 724 2653 de
748 2611 845 2653 causa
871 2595 908 2653 ut
932 2613 970 2655 ex
993 2593 1126 2676 caprino

115 2696 230 2759 genere
258 2677 297 2739 ad
326 2678 382 2740 alii
413 2678 463 2741 dei
491 2699 590 2744 aram,
608 2677 718 2740 hostia
745 2678 968 2762 adduceretur,
1001 2681 1041 2745 ad
1070 2681 1126 2745 alii

114 2785 180 2827 non
210 2764 457 2849 sacrificaretur,
490 2787 562 2829 cum
595 2765 636 2828 ab
665 2765 776 2828 eodem
805 2766 879 2830 odio
908 2768 990 2832 alter
1017 2769 1126 2837 videre

114 2852 225 2933 nollet,
245 2852 326 2915 alter
346 2854 444 2916 etiam
463 2853 571 2917 videre
589 2858 778 2937 pereuntem
797 2855 905 2919 vellet.
938 2857 984 2920 sic
1002 2857 1125 2921 factum

114 2943 150 3001 ut
177 2934 294 3004 Libero
324 2934 428 3027 patri,
459 2942 617 3024 repertori
649 2941 739 3026 vitis,
768 2943 850 3006 hirci
882 2944 1125 3031 inmolarentur,
1140 2967 1167 3006 ao

203 3136 217 3183 1
236 3130 394 3184 celaturam
413 3132 593 3200 (collaturam
616 3132 683 3187 Vct
700 3134 837 3187 nonnulla
856 3136 1025 3205 apographa,
1047 3136 1124 3190 uela-

112 3202 206 3254 turam
224 3203 281 3256 cod.
300 3203 368 3256 Por.
387 3219 448 3256 cam
466 3204 576 3271 optimis
594 3205 772 3273 apographis)
847 3211 878 3258 11
899 3206 972 3258 arari
1045 3213 1077 3260 13
1098 3209 1124 3261 ei

112 3273 231 3396 {bediidi
296 3272 459 3397 3,chagrine
541 3278 574 3326 17
594 3274 685 3341 adque
768 3280 800 3327 18
819 3279 1002 3344 necapratum
1024 3283 1125 3345 pascat

202 3508 232 3554 11
254 3518 332 3556 arare
347 3520 363 3558 c
377 3507 402 3557 et
420 3504 477 3557 cod.
495 3501 563 3557 Par.
602 3507 635 3556 13
650 3518 684 3556 ea
698 3501 819 3556 succinit
837 3503 954 3560 Ursinus
991 3510 1024 3558 1s
1039 3523 1125 3575 capra

111 3573 207 3625 natum
234 3573 369 3628 Victorias
441 3580 474 3627 23
494 3571 591 3628 dixisti
609 3573 755 3628 lactandus
