2430 3952
134 215 176 278 62
541 211 727 267 VARRONIS

134 363 230 442 atque
264 359 366 443 agitet
398 379 480 442 quae
511 358 645 422 trahant
671 357 829 435 iumenta,
861 359 899 420 ut
925 357 960 420 in
987 355 1147 439 Hispania

104 447 280 514 heitariore
311 451 344 510 et
374 447 446 511 aliis
476 447 558 511 locis
588 447 721 510 faciunt.
767 446 853 529 apud
879 446 961 510 alios
988 447 1147 509 exteritur

134 557 232 622 grege
255 537 475 600 iumentorum
498 537 605 600 inacto
630 539 662 599 et
684 535 731 598 ibi
754 535 880 620 agitato
903 534 1047 617 perticis,
1070 555 1147 618 quo

134 648 207 690 rum
225 625 357 708 ungulis
373 646 389 688 e
404 625 494 708 spica
508 628 696 688 exteruntur
711 644 822 708 grana.
858 623 899 686 iis
913 623 1001 687 tritis
1016 627 1148 706 oportet

134 718 256 777 eterra
286 714 460 778 subiectari
489 714 584 777 vallis
614 716 671 777 aut
700 713 904 795 ventilabris,
935 734 1008 776 cum
1030 715 1182 777 ventusr

134 802 359 886 spirat·lenis.
412 803 460 866 ita
489 803 527 865 fit
555 806 593 866 ut
622 803 706 886 quod
737 802 939 865 levissimum
970 805 1020 865 est
1050 801 1086 864 in
1109 823 1147 866 eo

134 896 229 975 atque
253 892 438 974 appellatur
461 913 538 955 acus
562 913 599 955 ac
622 891 716 973 palea
740 895 919 954 evannatur
941 889 1029 955 foras
1053 894 1147 954 extra

133 1003 242 1044 aream
273 1001 310 1044 ac
338 980 550 1063 frumentum,
581 980 666 1062 quod
690 983 740 1043 est
769 979 999 1062 ponderosum,
1029 1000 1147 1061 purum

80 1083 142 1138 LIII
152 1070 261 1133 veniat
289 1068 329 1132 ad
357 1069 495 1134 corbem.
550 1069 647 1132 messi
679 1068 766 1132 facta
799 1068 1002 1152 spicilegium
1034 1067 1146 1132 venire

133 1161 262 1242 oportet
286 1160 341 1221 aut
365 1157 453 1221 domi
476 1158 584 1241 legere
608 1157 762 1240 stipulam
786 1161 850 1239 aut,
880 1157 908 1221 si
932 1161 1009 1220 sunt
1036 1157 1147 1239 spicae
1160 1175 1182 1214 1⁰

131 1267 224 1310 rarae
252 1251 285 1308 ct
308 1266 424 1328 operae
453 1267 559 1327 carae,
587 1247 747 1328 conpesci.
794 1267 920 1309 summa
946 1245 1032 1309 enim
1057 1267 1147 1330 spec-

132 1335 241 1416 tanda,
263 1355 304 1397 nc
327 1335 361 1397 in
385 1356 422 1397 ca
445 1356 481 1399 rc
504 1339 653 1420 sumptus
677 1335 819 1399 fructum
843 1337 980 1417 superet.

79 1438 141 1493 LIV
221 1423 260 1487 In
287 1422 405 1487 vinetis
434 1446 497 1487 uva
525 1446 597 1487 cum
624 1425 685 1488 erit
712 1428 852 1503 matura,
880 1421 1077 1487 vindemiam
1100 1422 1147 1487 ita

132 1513 203 1577 fieri
223 1515 363 1596 oportet,
383 1516 419 1576 ut
438 1513 557 1594 videas,
577 1535 678 1596 aquo
698 1533 815 1597 genere
834 1534 970 1576 uvarum
990 1515 1023 1575 et
1043 1533 1146 1594 aquo

132 1604 204 1667 loco
232 1601 335 1665 vineti
363 1601 499 1684 incipias
527 1603 643 1686 legere.
689 1622 765 1665 nam
793 1605 827 1664 et
852 1621 990 1685 praecox
1014 1603 1047 1663 et
1070 1601 1146 1664 mis·
1160 1617 1181 1660 u

133 1693 222 1772 cella,
246 1712 343 1774 quam
369 1695 486 1754 vocant
509 1691 645 1774 nigram,
668 1691 773 1754 multo
799 1695 874 1753 ante
898 1689 1057 1773 coquitur,
1082 1711 1145 1773 quo

132 1780 222 1862 prior
244 1778 395 1864 legenda,
424 1782 456 1842 et
480 1800 561 1862 quae
588 1801 664 1860 pars
693 1779 819 1842 arbusti
843 1800 880 1842 ac
902 1779 1016 1841 vineae
1040 1779 1145 1862 magis

104 1868 257 1950 laprica,
284 1869 373 1950 prius
402 1866 499 1930 debet
528 1868 719 1931 descendere
742 1868 781 1930 de
804 1868 880 1932 vite.
925 1866 959 1930 in
983 1866 1146 1930 vindemia

133 1956 284 2040 diligenti
312 1978 375 2018 uva
406 1977 472 2019 non
502 1957 607 2020 solum
640 1956 759 2040 legitur
788 1956 844 2019 sed
872 1955 971 2018 ctiam
999 1955 1145 2039 eligitur:

133 2047 241 2127 legitur
274 2044 312 2107 ad
348 2044 538 2127 bibendum,
574 2044 707 2128 eligitur
740 2045 780 2109 ad
813 2044 980 2109 edendum.
1034 2044 1181 2129 itaqueao

132 2135 217 2198 lecta
250 2131 394 2196 defertur
427 2133 460 2195 in
491 2133 598 2197 forum
630 2133 805 2217 vinarium,
837 2133 922 2198 unde
954 2133 988 2195 in
1021 2133 1145 2197 dolium

132 2227 226 2286 inane
255 2221 377 2304 veniat3
406 2222 507 2285 electa
540 2223 574 2287 in
602 2227 759 2286 secretam
787 2223 967 2304 corbulam‚
1000 2221 1084 2286 unde
1112 2222 1146 2285 in

133 2311 250 2374 ollulas
280 2309 417 2374 addatur
441 2314 473 2374 et
499 2312 532 2374 in
561 2311 647 2376 dolia
676 2314 771 2395 plena
793 2311 994 2375 vinaciorum
1017 2314 1146 2375 contru-

132 2399 239 2482 datur‚
269 2399 333 2463 alia
364 2421 445 2483 quae
474 2401 509 2462 in
537 2401 696 2483 piscinam
724 2401 759 2463 in
788 2400 980 2483 amphoram
1003 2400 1145 2482 picatam

132 2489 313 2571 descendat,
337 2489 401 2553 alia
425 2511 507 2572 quae
530 2490 565 2554 in
588 2510 697 2552 aream
719 2489 754 2552 in
776 2491 960 2553 carnarium
984 2488 1180 2553 escendatu

132 2600 213 2661 quae
237 2577 380 2642 calcatae
403 2599 485 2641 uvae
510 2582 617 2659 erunt,
646 2599 756 2641 earum
781 2578 870 2661 scopi
894 2599 967 2642 cum
989 2577 1144 2642 folliculis

131 2667 309 2730 subiciendi
326 2666 384 2729 sub
398 2667 534 2748 prelum,
554 2672 599 2750 ut,
619 2666 725 2750 siquid
739 2667 856 2749 reliqui
872 2665 1017 2730 habeant
1035 2667 1146 2750 musti,

221 2839 345 2906 ladque
418 2840 462 2910 ut]
482 2840 531 2892 aut
602 2840 769 2911 3quorum]
789 2841 864 2908 quod
937 2844 1039 2893 uacus
1059 2856 1144 2894 euan-

130 2912 233 2964 nuatur
332 2915 365 2964 19
385 2910 528 2979 diligentis
627 2928 683 2965 non
703 2912 793 2964 solum
811 2910 916 2980 legitur
934 2909 971 2964 ad
989 2909 1144 2964 bibendum

130 2981 244 3050 eligitur
263 2980 298 3033 ad
318 2980 455 3035 edendum
528 2985 561 3034 21
581 2980 667 3050 lecta]
686 2983 788 3036 lectius
842 2980 994 3036 uiniarium
1060 2987 1096 3035 25
1114 2981 1144 3035 in

131 3053 236 3122 aream]
257 3052 285 3104 in
305 3067 353 3104 ara
460 3057 494 3107 26
514 3070 610 3107 earum
633 3055 740 3121 (corum
762 3052 801 3122 V)
909 3059 943 3106 27
963 3053 1014 3107 snb
1032 3053 1143 3122 plerum

130 3122 154 3176 si
173 3124 221 3189 qui
239 3122 340 3191 reliqui
358 3123 463 3177 habeat

220 3289 233 3335 1
258 3286 291 3337 ut
317 3283 347 3337 in
374 3283 505 3351 hispania
531 3299 579 3336 mu
688 3289 703 3337 7
727 3299 794 3338 acus
818 3299 851 3336 ac
878 3283 962 3352 palea
987 3284 1145 3337 evannatur

129 3354 240 3409 Nonius
254 3372 284 3423 p.
300 3360 335 3408 19
409 3360 441 3408 19
461 3353 591 3423 diligenti
605 3373 631 3408 m
685 3372 741 3409 non
761 3354 851 3408 solum
869 3353 974 3422 legitur
992 3354 1144 3408 sedetiam

129 3425 244 3495 cligitur
272 3426 308 3479 ad
336 3423 488 3478 bibendum
522 3425 636 3494 eligitur
666 3426 703 3479 ad
731 3425 870 3479 edendum
897 3425 1008 3479 Nonius
1030 3442 1061 3494 p.
1089 3430 1144 3479 444

129 3502 162 3550 21
182 3497 256 3552 lecta
279 3496 394 3552 Ursinus
465 3495 640 3551 uinariumo
713 3501 746 3550 25
765 3497 795 3550 in
813 3513 908 3550 aream
928 3497 1035 3565 Popmo
1107 3501 1142 3550 27

129 3569 180 3622 sub
199 3567 309 3637 prelum
327 3585 354 3622 m
372 3573 396 3622 ct
415 3569 473 3623 cod.
492 3568 571 3623 Flor.
645 3567 669 3623 si
688 3567 756 3637 quid
774 3568 876 3636 reliqui
893 3568 1018 3623 habeant
1036 3584 1053 3622 v
