<?xml version="1.0" encoding="UTF-8"?>
<!DOCTYPE html PUBLIC "-//W3C//DTD XHTML 1.0 Transitional//EN"
    "http://www.w3.org/TR/xhtml1/DTD/xhtml1-transitional.dtd">
<html xmlns="http://www.w3.org/1999/xhtml" xml:lang="en" lang="en">
 <head>
  <title>
</title>
<meta http-equiv="Content-Type" content="text/html;charset=utf-8" />
  <meta name='ocr-system' content='tesseract 3.04.00' />
  <meta name='ocr-capabilities' content='ocr_page ocr_carea ocr_par ocr_line ocrx_word'/>
</head>
<body>
  <div class='ocr_page' id='page_1' title='image "./mterentivarroni01keilgoog/mterentivarroni01keilgoog_0076.png"; bbox 0 0 2430 3952; ppageno 0'>
   <div class='ocr_carea' id='block_1_1' title="bbox 271 210 1091 295">
    <p class='ocr_par' dir='ltr' id='par_1_1' title="bbox 271 210 1091 295">
     <span class='ocr_line' id='line_1_1' title="bbox 271 210 1091 295; baseline 0 -29"><span class='ocrx_word' id='word_1_1' title='bbox 271 210 403 295; x_wconf 58' lang='lat' dir='ltr'><strong>RERVM</strong></span> <span class='ocrx_word' id='word_1_2' title='bbox 419 211 658 267; x_wconf 79' lang='lat' dir='ltr'><strong>RVSTICARVM</strong></span> <span class='ocrx_word' id='word_1_3' title='bbox 676 212 743 266; x_wconf 89' lang='lat' dir='ltr'>LIB.</span> <span class='ocrx_word' id='word_1_4' title='bbox 763 212 776 265; x_wconf 94' lang='lat' dir='ltr'>I</span> <span class='ocrx_word' id='word_1_5' title='bbox 794 218 900 266; x_wconf 78' lang='lat'>40-41</span> <span class='ocrx_word' id='word_1_6' title='bbox 1046 212 1091 277; x_wconf 84' lang='lat'><strong>55</strong></span> 
     </span>
    </p>
   </div>
   <div class='ocr_carea' id='block_1_2' title="bbox 22 357 1120 2927">
    <p class='ocr_par' dir='ltr' id='par_1_2' title="bbox 22 357 1120 2927">
     <span class='ocr_line' id='line_1_2' title="bbox 72 357 1090 441; baseline 0 -19"><span class='ocrx_word' id='word_1_7' title='bbox 72 378 161 423; x_wconf 89' lang='lat' dir='ltr'><strong>nuno</strong></span> <span class='ocrx_word' id='word_1_8' title='bbox 188 357 287 422; x_wconf 87' lang='lat' dir='ltr'><strong>etiam</strong></span> <span class='ocrx_word' id='word_1_9' title='bbox 316 357 498 441; x_wconf 72' lang='lat' dir='ltr'><strong>solstitiali,</strong></span> <span class='ocrx_word' id='word_1_10' title='bbox 527 362 563 421; x_wconf 90' lang='lat' dir='ltr'><strong>ut</strong></span> <span class='ocrx_word' id='word_1_11' title='bbox 589 358 684 440; x_wconf 86' lang='lat' dir='ltr'><strong>ficus,</strong></span> <span class='ocrx_word' id='word_1_12' title='bbox 713 357 797 441; x_wconf 90' lang='lat' dir='ltr'><strong>quod</strong></span> <span class='ocrx_word' id='word_1_13' title='bbox 829 357 929 421; x_wconf 90' lang='lat' dir='ltr'><strong>densa</strong></span> <span class='ocrx_word' id='word_1_14' title='bbox 952 359 1090 422; x_wconf 89' lang='lat' dir='ltr'><strong>materia</strong></span> 
     </span>
     <span class='ocr_line' id='line_1_3' title="bbox 72 446 1090 530; baseline 0.001 -20"><span class='ocrx_word' id='word_1_15' title='bbox 72 468 142 512; x_wconf 93' lang='lat' dir='ltr'><strong>non</strong></span> <span class='ocrx_word' id='word_1_16' title='bbox 170 450 223 510; x_wconf 90' lang='lat' dir='ltr'><strong>est</strong></span> <span class='ocrx_word' id='word_1_17' title='bbox 250 450 284 509; x_wconf 90' lang='lat' dir='ltr'><strong>et</strong></span> <span class='ocrx_word' id='word_1_18' title='bbox 310 446 383 510; x_wconf 91' lang='lat' dir='ltr'><strong>ideo</strong></span> <span class='ocrx_word' id='word_1_19' title='bbox 411 446 558 530; x_wconf 85' lang='lat' dir='ltr'><strong>sequitur</strong></span> <span class='ocrx_word' id='word_1_20' title='bbox 585 447 755 512; x_wconf 92' lang='lat' dir='ltr'><strong>caldorem.</strong></span> <span class='ocrx_word' id='word_1_21' title='bbox 802 469 821 510; x_wconf 88' lang='lat' dir='ltr'><strong>a</strong></span> <span class='ocrx_word' id='word_1_22' title='bbox 850 468 913 529; x_wconf 92' lang='lat' dir='ltr'><strong>quo</strong></span> <span class='ocrx_word' id='word_1_23' title='bbox 936 447 975 510; x_wconf 90' lang='lat' dir='ltr'><strong>fit</strong></span> <span class='ocrx_word' id='word_1_24' title='bbox 998 451 1034 510; x_wconf 94' lang='lat' dir='ltr'><strong>ut</strong></span> <span class='ocrx_word' id='word_1_25' title='bbox 1056 448 1090 511; x_wconf 90' lang='lat' dir='ltr'><strong>in</strong></span> 
     </span>
     <span class='ocr_line' id='line_1_4' title="bbox 72 534 1089 619; baseline -0.001 -20"><span class='ocrx_word' id='word_1_26' title='bbox 72 535 157 601; x_wconf 88' lang='lat' dir='ltr'><strong>locis</strong></span> <span class='ocrx_word' id='word_1_27' title='bbox 187 534 313 618; x_wconf 82' lang='lat' dir='ltr'><strong>frigidis</strong></span> <span class='ocrx_word' id='word_1_28' title='bbox 345 535 443 598; x_wconf 87' lang='lat' dir='ltr'><strong>ficeta</strong></span> <span class='ocrx_word' id='word_1_29' title='bbox 477 535 547 598; x_wconf 90' lang='lat' dir='ltr'><strong>fieri</strong></span> <span class='ocrx_word' id='word_1_30' title='bbox 573 557 641 600; x_wconf 92' lang='lat' dir='ltr'><strong>non</strong></span> <span class='ocrx_word' id='word_1_31' title='bbox 667 536 804 619; x_wconf 78' lang='lat' dir='ltr'><strong>possint.</strong></span> <span class='ocrx_word' id='word_1_32' title='bbox 855 557 940 618; x_wconf 89' lang='lat' dir='ltr'><strong>aqua</strong></span> <span class='ocrx_word' id='word_1_33' title='bbox 968 537 1089 599; x_wconf 77' lang='lat' dir='ltr'><strong>recenti</strong></span> 
     </span>
     <span class='ocr_line' id='line_1_5' title="bbox 73 622 1119 708; baseline 0.001 -19"><span class='ocrx_word' id='word_1_34' title='bbox 73 624 176 689; x_wconf 87' lang='lat' dir='ltr'><strong>insito</strong></span> <span class='ocrx_word' id='word_1_35' title='bbox 199 622 345 687; x_wconf 87' lang='lat' dir='ltr'><strong>inimica:</strong></span> <span class='ocrx_word' id='word_1_36' title='bbox 368 624 523 687; x_wconf 88' lang='lat' dir='ltr'><strong>tenellum</strong></span> <span class='ocrx_word' id='word_1_37' title='bbox 548 626 633 688; x_wconf 91' lang='lat' dir='ltr'><strong>enim</strong></span> <span class='ocrx_word' id='word_1_38' title='bbox 655 627 720 688; x_wconf 88' lang='lat' dir='ltr'><strong>cito</strong></span> <span class='ocrx_word' id='word_1_39' title='bbox 739 623 819 688; x_wconf 85' lang='lat' dir='ltr'><strong>facit</strong></span> <span class='ocrx_word' id='word_1_40' title='bbox 836 628 941 708; x_wconf 88' lang='lat' dir='ltr'><strong>putre.</strong></span> <span class='ocrx_word' id='word_1_41' title='bbox 978 624 1119 707; x_wconf 66' lang='lat' dir='ltr'><strong>itaque?</strong></span> 
     </span>
     <span class='ocr_line' id='line_1_6' title="bbox 43 712 1089 798; baseline 0.005 -27"><span class='ocrx_word' id='word_1_42' title='bbox 43 715 147 798; x_wconf 85' lang='lat' dir='ltr'><strong>s[qni</strong></span> <span class='ocrx_word' id='word_1_43' title='bbox 169 713 221 794; x_wconf 88' lang='lat' dir='ltr'><strong>fit]</strong></span> <span class='ocrx_word' id='word_1_44' title='bbox 245 712 409 776; x_wconf 90' lang='lat' dir='ltr'><strong>caniculae</strong></span> <span class='ocrx_word' id='word_1_45' title='bbox 433 714 527 798; x_wconf 87' lang='lat' dir='ltr'><strong>signo</strong></span> <span class='ocrx_word' id='word_1_46' title='bbox 548 713 808 777; x_wconf 88' lang='lat' dir='ltr'><strong>commodissime</strong></span> <span class='ocrx_word' id='word_1_47' title='bbox 828 713 1033 777; x_wconf 87' lang='lat' dir='ltr'><strong>existimatur</strong></span> <span class='ocrx_word' id='word_1_48' title='bbox 1052 735 1089 777; x_wconf 92' lang='lat' dir='ltr'><strong>ea</strong></span> 
     </span>
     <span class='ocr_line' id='line_1_7' title="bbox 72 800 1088 884; baseline -0.001 -18"><span class='ocrx_word' id='word_1_49' title='bbox 72 800 184 866; x_wconf 79' lang='lat' dir='ltr'><strong>inseri</strong></span> <span class='ocrx_word' id='word_1_50' title='bbox 234 822 316 884; x_wconf 88' lang='lat' dir='ltr'><strong>quae</strong></span> <span class='ocrx_word' id='word_1_51' title='bbox 349 805 458 864; x_wconf 91' lang='lat' dir='ltr'><strong>autem</strong></span> <span class='ocrx_word' id='word_1_52' title='bbox 490 806 607 866; x_wconf 91' lang='lat' dir='ltr'><strong>natura</strong></span> <span class='ocrx_word' id='word_1_53' title='bbox 634 802 741 865; x_wconf 91' lang='lat' dir='ltr'><strong>minus</strong></span> <span class='ocrx_word' id='word_1_54' title='bbox 770 806 847 865; x_wconf 89' lang='lat' dir='ltr'><strong>sunt</strong></span> <span class='ocrx_word' id='word_1_55' title='bbox 875 801 1000 880; x_wconf 87' lang='lat' dir='ltr'><strong>mollia,</strong></span> <span class='ocrx_word' id='word_1_56' title='bbox 1032 825 1088 865; x_wconf 86' lang='lat' dir='ltr'><strong>vas</strong></span> 
     </span>
     <span class='ocr_line' id='line_1_8' title="bbox 73 889 1088 975; baseline -0.001 -20"><span class='ocrx_word' id='word_1_57' title='bbox 73 890 207 975; x_wconf 91' lang='lat' dir='ltr'><strong>aliquod</strong></span> <span class='ocrx_word' id='word_1_58' title='bbox 226 910 325 973; x_wconf 87' lang='lat' dir='ltr'><strong>supra</strong></span> <span class='ocrx_word' id='word_1_59' title='bbox 343 889 492 974; x_wconf 79' lang='lat' dir='ltr'><strong>alligant,</strong></span> <span class='ocrx_word' id='word_1_60' title='bbox 510 891 594 954; x_wconf 91' lang='lat' dir='ltr'><strong>unde</strong></span> <span class='ocrx_word' id='word_1_61' title='bbox 611 891 715 954; x_wconf 90' lang='lat' dir='ltr'><strong>stillet</strong></span> <span class='ocrx_word' id='word_1_62' title='bbox 729 890 815 955; x_wconf 85' lang='lat' dir='ltr'><strong>lente</strong></span> <span class='ocrx_word' id='word_1_63' title='bbox 831 913 924 974; x_wconf 88' lang='lat' dir='ltr'><strong>aqua,</strong></span> <span class='ocrx_word' id='word_1_64' title='bbox 943 913 983 953; x_wconf 89' lang='lat' dir='ltr'><strong>ne</strong></span> <span class='ocrx_word' id='word_1_65' title='bbox 998 892 1088 973; x_wconf 90' lang='lat' dir='ltr'><strong>prius</strong></span> 
     </span>
     <span class='ocr_line' id='line_1_9' title="bbox 74 978 1088 1062; baseline 0 -20"><span class='ocrx_word' id='word_1_66' title='bbox 74 981 244 1043; x_wconf 77' lang='lat' dir='ltr'><strong>exarescat</strong></span> <span class='ocrx_word' id='word_1_67' title='bbox 267 978 425 1062; x_wconf 87' lang='lat' dir='ltr'><strong>surculus,</strong></span> <span class='ocrx_word' id='word_1_68' title='bbox 448 1001 545 1062; x_wconf 91' lang='lat' dir='ltr'><strong>quam</strong></span> <span class='ocrx_word' id='word_1_69' title='bbox 568 981 719 1044; x_wconf 88' lang='lat' dir='ltr'><strong>colescat.</strong></span> <span class='ocrx_word' id='word_1_70' title='bbox 761 980 851 1043; x_wconf 90' lang='lat' dir='ltr'><strong>cuius</strong></span> <span class='ocrx_word' id='word_1_71' title='bbox 876 980 996 1043; x_wconf 87' lang='lat' dir='ltr'><strong>surculi</strong></span> <span class='ocrx_word' id='word_1_72' title='bbox 1020 1002 1088 1044; x_wconf 93' lang='lat' dir='ltr'><strong>cor-</strong></span> 
     </span>
     <span class='ocr_line' id='line_1_10' title="bbox 72 1068 1088 1151; baseline 0 -20"><span class='ocrx_word' id='word_1_73' title='bbox 72 1068 173 1134; x_wconf 86' lang='lat' dir='ltr'><strong>ticem</strong></span> <span class='ocrx_word' id='word_1_74' title='bbox 202 1068 367 1151; x_wconf 80' lang='lat' dir='ltr'><strong>integrum</strong></span> <span class='ocrx_word' id='word_1_75' title='bbox 391 1069 585 1131; x_wconf 84' lang='lat' dir='ltr'><strong>servandum</strong></span> <span class='ocrx_word' id='word_1_76' title='bbox 610 1072 642 1132; x_wconf 88' lang='lat' dir='ltr'><strong>et</strong></span> <span class='ocrx_word' id='word_1_77' title='bbox 675 1090 747 1132; x_wconf 93' lang='lat' dir='ltr'><strong>eum</strong></span> <span class='ocrx_word' id='word_1_78' title='bbox 781 1068 827 1132; x_wconf 90' lang='lat' dir='ltr'><strong>sic</strong></span> <span class='ocrx_word' id='word_1_79' title='bbox 860 1069 1088 1151; x_wconf 83' lang='lat' dir='ltr'><strong>exacuendum,</strong></span> 
     </span>
     <span class='ocr_line' id='line_1_11' title="bbox 33 1155 1088 1221; baseline -0.001 0"><span class='ocrx_word' id='word_1_80' title='bbox 33 1163 112 1221; x_wconf 84' lang='lat' dir='ltr'><strong>1⁰ut</strong></span> <span class='ocrx_word' id='word_1_81' title='bbox 148 1177 216 1221; x_wconf 92' lang='lat' dir='ltr'><strong>non</strong></span> <span class='ocrx_word' id='word_1_82' title='bbox 255 1155 396 1220; x_wconf 88' lang='lat' dir='ltr'><strong>denudes</strong></span> <span class='ocrx_word' id='word_1_83' title='bbox 428 1156 610 1221; x_wconf 90' lang='lat' dir='ltr'><strong>medullam.</strong></span> <span class='ocrx_word' id='word_1_84' title='bbox 665 1178 706 1220; x_wconf 93' lang='lat' dir='ltr'><strong>ne</strong></span> <span class='ocrx_word' id='word_1_85' title='bbox 738 1157 936 1221; x_wconf 83' lang='lat' dir='ltr'><strong>extrinsecus</strong></span> <span class='ocrx_word' id='word_1_86' title='bbox 969 1157 1088 1220; x_wconf 84' lang='lat' dir='ltr'><strong>imbres</strong></span> 
     </span>
     <span class='ocr_line' id='line_1_12' title="bbox 73 1245 1088 1330; baseline -0.001 -19"><span class='ocrx_word' id='word_1_87' title='bbox 73 1248 216 1311; x_wconf 84' lang='lat' dir='ltr'><strong>noceant</strong></span> <span class='ocrx_word' id='word_1_88' title='bbox 234 1248 291 1308; x_wconf 87' lang='lat' dir='ltr'><strong>aut</strong></span> <span class='ocrx_word' id='word_1_89' title='bbox 309 1245 427 1308; x_wconf 91' lang='lat' dir='ltr'><strong>nimius</strong></span> <span class='ocrx_word' id='word_1_90' title='bbox 447 1246 549 1327; x_wconf 88' lang='lat' dir='ltr'><strong>calor,</strong></span> <span class='ocrx_word' id='word_1_91' title='bbox 573 1246 692 1330; x_wconf 79' lang='lat' dir='ltr'><strong>argilla</strong></span> <span class='ocrx_word' id='word_1_92' title='bbox 718 1245 927 1309; x_wconf 87' lang='lat' dir='ltr'><strong>oblinendum</strong></span> <span class='ocrx_word' id='word_1_93' title='bbox 947 1268 983 1310; x_wconf 89' lang='lat' dir='ltr'><strong>ac</strong></span> <span class='ocrx_word' id='word_1_94' title='bbox 1005 1246 1088 1310; x_wconf 91' lang='lat' dir='ltr'><strong>libro</strong></span> 
     </span>
     <span class='ocr_line' id='line_1_13' title="bbox 73 1333 1118 1419; baseline -0.001 -18"><span class='ocrx_word' id='word_1_95' title='bbox 73 1333 296 1419; x_wconf 81' lang='lat' dir='ltr'><strong>obligandum.</strong></span> <span class='ocrx_word' id='word_1_96' title='bbox 341 1335 452 1416; x_wconf 89' lang='lat' dir='ltr'><strong>itaque</strong></span> <span class='ocrx_word' id='word_1_97' title='bbox 480 1335 578 1397; x_wconf 86' lang='lat' dir='ltr'><strong>vitem</strong></span> <span class='ocrx_word' id='word_1_98' title='bbox 606 1334 713 1399; x_wconf 89' lang='lat' dir='ltr'><strong>triduo</strong></span> <span class='ocrx_word' id='word_1_99' title='bbox 745 1339 919 1418; x_wconf 85' lang='lat' dir='ltr'><strong>antequam</strong></span> <span class='ocrx_word' id='word_1_100' title='bbox 943 1337 1118 1401; x_wconf 90' lang='lat' dir='ltr'><strong>inserant3</strong></span> 
     </span>
     <span class='ocr_line' id='line_1_14' title="bbox 22 1423 1088 1505; baseline 0.001 -17"><span class='ocrx_word' id='word_1_101' title='bbox 22 1464 26 1469; x_wconf 95' lang='lat'>-</span> <span class='ocrx_word' id='word_1_102' title='bbox 74 1424 238 1504; x_wconf 87' lang='lat' dir='ltr'><strong>desecant,</strong></span> <span class='ocrx_word' id='word_1_103' title='bbox 261 1426 299 1485; x_wconf 90' lang='lat' dir='ltr'><strong>ut</strong></span> <span class='ocrx_word' id='word_1_104' title='bbox 321 1423 376 1505; x_wconf 92' lang='lat' dir='ltr'><strong>qui</strong></span> <span class='ocrx_word' id='word_1_105' title='bbox 400 1423 435 1486; x_wconf 91' lang='lat' dir='ltr'><strong>in</strong></span> <span class='ocrx_word' id='word_1_106' title='bbox 459 1445 496 1486; x_wconf 88' lang='lat' dir='ltr'><strong>ea</strong></span> <span class='ocrx_word' id='word_1_107' title='bbox 519 1423 641 1487; x_wconf 91' lang='lat' dir='ltr'><strong>nimius</strong></span> <span class='ocrx_word' id='word_1_108' title='bbox 666 1429 715 1487; x_wconf 91' lang='lat' dir='ltr'><strong>est</strong></span> <span class='ocrx_word' id='word_1_109' title='bbox 735 1445 827 1487; x_wconf 93' lang='lat' dir='ltr'><strong>umor</strong></span> <span class='ocrx_word' id='word_1_110' title='bbox 846 1423 975 1501; x_wconf 88' lang='lat' dir='ltr'><strong>defluat,</strong></span> <span class='ocrx_word' id='word_1_111' title='bbox 999 1429 1088 1489; x_wconf 90' lang='lat' dir='ltr'><strong>ante·</strong></span> 
     </span>
     <span class='ocr_line' id='line_1_15' title="bbox 74 1511 1088 1596; baseline 0.001 -21"><span class='ocrx_word' id='word_1_112' title='bbox 74 1534 173 1596; x_wconf 90' lang='lat' dir='ltr'><strong>qnam</strong></span> <span class='ocrx_word' id='word_1_113' title='bbox 201 1511 376 1592; x_wconf 81' lang='lat' dir='ltr'><strong>inseratur3</strong></span> <span class='ocrx_word' id='word_1_114' title='bbox 414 1515 470 1575; x_wconf 90' lang='lat' dir='ltr'><strong>aut</strong></span> <span class='ocrx_word' id='word_1_115' title='bbox 497 1512 532 1575; x_wconf 93' lang='lat' dir='ltr'><strong>in</strong></span> <span class='ocrx_word' id='word_1_116' title='bbox 560 1534 657 1596; x_wconf 92' lang='lat' dir='ltr'><strong>quam</strong></span> <span class='ocrx_word' id='word_1_117' title='bbox 681 1512 845 1594; x_wconf 88' lang='lat' dir='ltr'><strong>inserunt,</strong></span> <span class='ocrx_word' id='word_1_118' title='bbox 873 1513 906 1574; x_wconf 94' lang='lat' dir='ltr'><strong>in</strong></span> <span class='ocrx_word' id='word_1_119' title='bbox 930 1533 968 1575; x_wconf 90' lang='lat' dir='ltr'><strong>ea</strong></span> <span class='ocrx_word' id='word_1_120' title='bbox 991 1514 1088 1595; x_wconf 88' lang='lat' dir='ltr'><strong>paulo</strong></span> 
     </span>
     <span class='ocr_line' id='line_1_16' title="bbox 34 1598 1088 1683; baseline -0.002 -18"><span class='ocrx_word' id='word_1_121' title='bbox 34 1601 169 1682; x_wconf 71' lang='lat' dir='ltr'><strong>anua,</strong></span> <span class='ocrx_word' id='word_1_122' title='bbox 193 1621 291 1683; x_wconf 90' lang='lat' dir='ltr'><strong>quam</strong></span> <span class='ocrx_word' id='word_1_123' title='bbox 312 1598 446 1664; x_wconf 90' lang='lat' dir='ltr'><strong>insitum</strong></span> <span class='ocrx_word' id='word_1_124' title='bbox 470 1603 529 1679; x_wconf 87' lang='lat' dir='ltr'><strong>est,</strong></span> <span class='ocrx_word' id='word_1_125' title='bbox 553 1601 715 1683; x_wconf 84' lang='lat' dir='ltr'><strong>incidunt,</strong></span> <span class='ocrx_word' id='word_1_126' title='bbox 744 1601 805 1681; x_wconf 89' lang='lat' dir='ltr'><strong>[in]</strong></span> <span class='ocrx_word' id='word_1_127' title='bbox 831 1622 894 1683; x_wconf 91' lang='lat' dir='ltr'><strong>qua</strong></span> <span class='ocrx_word' id='word_1_128' title='bbox 918 1622 1011 1664; x_wconf 87' lang='lat' dir='ltr'><strong>umor</strong></span> <span class='ocrx_word' id='word_1_129' title='bbox 1036 1600 1088 1664; x_wconf 88' lang='lat' dir='ltr'><strong>ad-</strong></span> 
     </span>
     <span class='ocr_line' id='line_1_17' title="bbox 73 1687 1088 1772; baseline -0.002 -18"><span class='ocrx_word' id='word_1_130' title='bbox 73 1689 236 1754; x_wconf 81' lang='lat' dir='ltr'><strong>venticius</strong></span> <span class='ocrx_word' id='word_1_131' title='bbox 260 1687 390 1752; x_wconf 86' lang='lat' dir='ltr'><strong>effluere</strong></span> <span class='ocrx_word' id='word_1_132' title='bbox 413 1689 528 1771; x_wconf 88' lang='lat' dir='ltr'><strong>possit.</strong></span> <span class='ocrx_word' id='word_1_133' title='bbox 574 1693 687 1753; x_wconf 89' lang='lat' dir='ltr'><strong>contra</strong></span> <span class='ocrx_word' id='word_1_134' title='bbox 715 1690 748 1751; x_wconf 96' lang='lat' dir='ltr'><strong>in</strong></span> <span class='ocrx_word' id='word_1_135' title='bbox 779 1689 839 1752; x_wconf 92' lang='lat' dir='ltr'><strong>fico</strong></span> <span class='ocrx_word' id='word_1_136' title='bbox 863 1692 897 1751; x_wconf 90' lang='lat' dir='ltr'><strong>et</strong></span> <span class='ocrx_word' id='word_1_137' title='bbox 920 1689 1006 1752; x_wconf 89' lang='lat' dir='ltr'><strong>malo</strong></span> <span class='ocrx_word' id='word_1_138' title='bbox 1030 1711 1088 1772; x_wconf 92' lang='lat' dir='ltr'><strong>pu-</strong></span> 
     </span>
     <span class='ocr_line' id='line_1_18' title="bbox 73 1777 1090 1861; baseline 0.003 -20"><span class='ocrx_word' id='word_1_139' title='bbox 73 1779 158 1861; x_wconf 87' lang='lat' dir='ltr'><strong>nica,</strong></span> <span class='ocrx_word' id='word_1_140' title='bbox 176 1782 211 1841; x_wconf 86' lang='lat' dir='ltr'><strong>ot</strong></span> <span class='ocrx_word' id='word_1_141' title='bbox 230 1777 343 1860; x_wconf 88' lang='lat' dir='ltr'><strong>siquae</strong></span> <span class='ocrx_word' id='word_1_142' title='bbox 363 1778 461 1841; x_wconf 89' lang='lat' dir='ltr'><strong>etiam</strong></span> <span class='ocrx_word' id='word_1_143' title='bbox 480 1777 598 1842; x_wconf 90' lang='lat' dir='ltr'><strong>horum</strong></span> <span class='ocrx_word' id='word_1_144' title='bbox 617 1783 734 1842; x_wconf 90' lang='lat' dir='ltr'><strong>natura</strong></span> <span class='ocrx_word' id='word_1_145' title='bbox 754 1777 901 1859; x_wconf 84' lang='lat' dir='ltr'><strong>aridiora,</strong></span> <span class='ocrx_word' id='word_1_146' title='bbox 926 1779 1090 1844; x_wconf 90' lang='lat' dir='ltr'><strong>continuo.</strong></span> 
     </span>
     <span class='ocr_line' id='line_1_19' title="bbox 72 1866 1090 1949; baseline 0 -18"><span class='ocrx_word' id='word_1_147' title='bbox 72 1868 109 1931; x_wconf 91' lang='lat' dir='ltr'><strong>in</strong></span> <span class='ocrx_word' id='word_1_148' title='bbox 133 1866 207 1930; x_wconf 88' lang='lat' dir='ltr'><strong>aliis</strong></span> <span class='ocrx_word' id='word_1_149' title='bbox 235 1866 505 1930; x_wconf 88' lang='lat' dir='ltr'><strong>translationibus</strong></span> <span class='ocrx_word' id='word_1_150' title='bbox 534 1867 707 1930; x_wconf 78' lang='lat' dir='ltr'><strong>videndum</strong></span> <span class='ocrx_word' id='word_1_151' title='bbox 735 1870 772 1930; x_wconf 91' lang='lat' dir='ltr'><strong>ut</strong></span> <span class='ocrx_word' id='word_1_152' title='bbox 800 1866 886 1949; x_wconf 90' lang='lat' dir='ltr'><strong>quod</strong></span> <span class='ocrx_word' id='word_1_153' title='bbox 912 1867 1090 1931; x_wconf 87' lang='lat' dir='ltr'><strong>transferat</strong></span> 
     </span>
     <span class='ocr_line' id='line_1_20' title="bbox 75 1954 874 2038; baseline 0 -19"><span class='ocrx_word' id='word_1_154' title='bbox 75 1956 139 2037; x_wconf 91' lang='lat' dir='ltr'><strong>[in]</strong></span> <span class='ocrx_word' id='word_1_155' title='bbox 163 1976 318 2020; x_wconf 89' lang='lat' dir='ltr'><strong>cacumen</strong></span> <span class='ocrx_word' id='word_1_156' title='bbox 340 1954 461 2018; x_wconf 87' lang='lat' dir='ltr'><strong>habeat</strong></span> <span class='ocrx_word' id='word_1_157' title='bbox 483 1975 655 2038; x_wconf 79' lang='lat' dir='ltr'><strong>gemmam,</strong></span> <span class='ocrx_word' id='word_1_158' title='bbox 679 1961 715 2018; x_wconf 91' lang='lat' dir='ltr'><strong>ut</strong></span> <span class='ocrx_word' id='word_1_159' title='bbox 738 1956 773 2019; x_wconf 94' lang='lat' dir='ltr'><strong>in</strong></span> <span class='ocrx_word' id='word_1_160' title='bbox 795 1955 874 2019; x_wconf 89' lang='lat' dir='ltr'><strong>ficis.</strong></span> 
     </span>
     <span class='ocr_line' id='line_1_21' title="bbox 34 2043 1120 2129; baseline 0.001 -20"><span class='ocrx_word' id='word_1_161' title='bbox 34 2059 60 2101; x_wconf 59' lang='grc' dir='ltr'><strong><em>ω</em></strong></span> <span class='ocrx_word' id='word_1_162' title='bbox 164 2043 216 2109; x_wconf 87' lang='lat' dir='ltr'><strong>Dc</strong></span> <span class='ocrx_word' id='word_1_163' title='bbox 238 2043 289 2106; x_wconf 88' lang='lat' dir='ltr'><strong>his</strong></span> <span class='ocrx_word' id='word_1_164' title='bbox 311 2044 424 2125; x_wconf 87' lang='lat' dir='ltr'><strong>primis</strong></span> <span class='ocrx_word' id='word_1_165' title='bbox 449 2049 604 2127; x_wconf 86' lang='lat' dir='ltr'><strong>quattuor</strong></span> <span class='ocrx_word' id='word_1_166' title='bbox 624 2044 795 2129; x_wconf 82' lang='lat' dir='ltr'><strong>generibus</strong></span> <span class='ocrx_word' id='word_1_167' title='bbox 816 2044 974 2107; x_wconf 89' lang='lat' dir='ltr'><strong>seminum</strong></span> <span class='ocrx_word' id='word_1_168' title='bbox 994 2054 1120 2128; x_wconf 84' lang='lat' dir='ltr'><strong>quae-4</strong></span> 
     </span>
     <span class='ocr_line' id='line_1_22' title="bbox 43 2131 1089 2217; baseline 0 -21"><span class='ocrx_word' id='word_1_169' title='bbox 43 2152 48 2161; x_wconf 91' lang='lat'>·</span> <span class='ocrx_word' id='word_1_170' title='bbox 74 2133 152 2197; x_wconf 89' lang='lat' dir='ltr'><strong>darn</strong></span> <span class='ocrx_word' id='word_1_171' title='bbox 179 2131 265 2217; x_wconf 93' lang='lat' dir='ltr'><strong>quod</strong></span> <span class='ocrx_word' id='word_1_172' title='bbox 292 2133 451 2215; x_wconf 86' lang='lat' dir='ltr'><strong>tardiora,</strong></span> <span class='ocrx_word' id='word_1_173' title='bbox 487 2133 624 2196; x_wconf 90' lang='lat' dir='ltr'><strong>surculis</strong></span> <span class='ocrx_word' id='word_1_174' title='bbox 653 2135 761 2216; x_wconf 89' lang='lat' dir='ltr'><strong>potius</strong></span> <span class='ocrx_word' id='word_1_175' title='bbox 790 2133 958 2214; x_wconf 89' lang='lat' dir='ltr'><strong>utendum,</strong></span> <span class='ocrx_word' id='word_1_176' title='bbox 993 2138 1029 2197; x_wconf 88' lang='lat' dir='ltr'><strong>ut</strong></span> <span class='ocrx_word' id='word_1_177' title='bbox 1056 2134 1089 2196; x_wconf 94' lang='lat' dir='ltr'><strong>in</strong></span> 
     </span>
     <span class='ocr_line' id='line_1_23' title="bbox 72 2220 1090 2286; baseline 0 -1"><span class='ocrx_word' id='word_1_178' title='bbox 72 2221 179 2286; x_wconf 86' lang='lat' dir='ltr'><strong>ficetis</strong></span> <span class='ocrx_word' id='word_1_179' title='bbox 205 2220 340 2284; x_wconf 84' lang='lat' dir='ltr'><strong>faciunt</strong></span> <span class='ocrx_word' id='word_1_180' title='bbox 385 2221 438 2285; x_wconf 89' lang='lat' dir='ltr'><strong>fici</strong></span> <span class='ocrx_word' id='word_1_181' title='bbox 470 2222 556 2285; x_wconf 86' lang='lat' dir='ltr'><strong>enim</strong></span> <span class='ocrx_word' id='word_1_182' title='bbox 581 2243 689 2286; x_wconf 87' lang='lat' dir='ltr'><strong>semen</strong></span> <span class='ocrx_word' id='word_1_183' title='bbox 711 2223 857 2286; x_wconf 87' lang='lat' dir='ltr'><strong>naturale</strong></span> <span class='ocrx_word' id='word_1_184' title='bbox 881 2222 970 2285; x_wconf 90' lang='lat' dir='ltr'><strong>intus</strong></span> <span class='ocrx_word' id='word_1_185' title='bbox 994 2223 1028 2285; x_wconf 93' lang='lat' dir='ltr'><strong>in</strong></span> <span class='ocrx_word' id='word_1_186' title='bbox 1052 2244 1090 2285; x_wconf 88' lang='lat' dir='ltr'><strong>ea</strong></span> 
     </span>
     <span class='ocr_line' id='line_1_24' title="bbox 72 2310 1089 2394; baseline -0.002 -19"><span class='ocrx_word' id='word_1_187' title='bbox 72 2311 147 2392; x_wconf 88' lang='lat' dir='ltr'><strong>fico,</strong></span> <span class='ocrx_word' id='word_1_188' title='bbox 169 2331 268 2394; x_wconf 91' lang='lat' dir='ltr'><strong>quam</strong></span> <span class='ocrx_word' id='word_1_189' title='bbox 292 2310 425 2392; x_wconf 91' lang='lat' dir='ltr'><strong>edimus,</strong></span> <span class='ocrx_word' id='word_1_190' title='bbox 449 2332 531 2394; x_wconf 87' lang='lat' dir='ltr'><strong>quac</strong></span> <span class='ocrx_word' id='word_1_191' title='bbox 555 2316 629 2375; x_wconf 88' lang='lat' dir='ltr'><strong>sunt</strong></span> <span class='ocrx_word' id='word_1_192' title='bbox 652 2311 778 2374; x_wconf 89' lang='lat' dir='ltr'><strong>minuta</strong></span> <span class='ocrx_word' id='word_1_193' title='bbox 800 2331 912 2394; x_wconf 82' lang='lat' dir='ltr'><strong>grana,</strong></span> <span class='ocrx_word' id='word_1_194' title='bbox 935 2333 952 2374; x_wconf 89' lang='lat' dir='ltr'><strong>e</strong></span> <span class='ocrx_word' id='word_1_195' title='bbox 972 2310 1089 2393; x_wconf 90' lang='lat' dir='ltr'><strong>quibus</strong></span> 
     </span>
     <span class='ocr_line' id='line_1_25' title="bbox 74 2399 1091 2483; baseline -0.001 -20"><span class='ocrx_word' id='word_1_196' title='bbox 74 2399 186 2483; x_wconf 84' lang='lat' dir='ltr'><strong>parvis</strong></span> <span class='ocrx_word' id='word_1_197' title='bbox 224 2399 310 2481; x_wconf 92' lang='lat' dir='ltr'><strong>quod</strong></span> <span class='ocrx_word' id='word_1_198' title='bbox 348 2399 456 2462; x_wconf 84' lang='lat' dir='ltr'><strong>enasci</strong></span> <span class='ocrx_word' id='word_1_199' title='bbox 494 2399 621 2464; x_wconf 89' lang='lat' dir='ltr'><strong>coliculi</strong></span> <span class='ocrx_word' id='word_1_200' title='bbox 653 2399 707 2462; x_wconf 85' lang='lat' dir='ltr'><strong>vix</strong></span> <span class='ocrx_word' id='word_1_201' title='bbox 741 2405 863 2482; x_wconf 87' lang='lat' dir='ltr'><strong>queunt</strong></span> <span class='ocrx_word' id='word_1_202' title='bbox 895 2435 939 2443; x_wconf 95' lang='lat'>—</span> <span class='ocrx_word' id='word_1_203' title='bbox 981 2399 1091 2462; x_wconf 91' lang='lat' dir='ltr'><strong>omnia</strong></span> 
     </span>
     <span class='ocr_line' id='line_1_26' title="bbox 34 2483 1089 2570; baseline -0.002 -19"><span class='ocrx_word' id='word_1_204' title='bbox 34 2488 163 2553; x_wconf 58' lang='lat' dir='ltr'><strong>”onim</strong></span> <span class='ocrx_word' id='word_1_205' title='bbox 187 2488 312 2551; x_wconf 89' lang='lat' dir='ltr'><strong>minuta</strong></span> <span class='ocrx_word' id='word_1_206' title='bbox 340 2491 372 2550; x_wconf 89' lang='lat' dir='ltr'><strong>et</strong></span> <span class='ocrx_word' id='word_1_207' title='bbox 403 2487 493 2552; x_wconf 86' lang='lat' dir='ltr'><strong>arida</strong></span> <span class='ocrx_word' id='word_1_208' title='bbox 521 2483 560 2551; x_wconf 89' lang='lat' dir='ltr'><strong>ad</strong></span> <span class='ocrx_word' id='word_1_209' title='bbox 584 2488 790 2552; x_wconf 89' lang='lat' dir='ltr'><strong>crescendum</strong></span> <span class='ocrx_word' id='word_1_210' title='bbox 813 2487 916 2566; x_wconf 87' lang='lat' dir='ltr'><strong>tarda,</strong></span> <span class='ocrx_word' id='word_1_211' title='bbox 947 2508 1089 2570; x_wconf 86' lang='lat' dir='ltr'><strong>eaquae</strong></span> 
     </span>
     <span class='ocr_line' id='line_1_27' title="bbox 73 2575 1088 2659; baseline -0.002 -18"><span class='ocrx_word' id='word_1_212' title='bbox 73 2576 215 2659; x_wconf 86' lang='lat' dir='ltr'><strong>laxiora,</strong></span> <span class='ocrx_word' id='word_1_213' title='bbox 245 2579 279 2639; x_wconf 87' lang='lat' dir='ltr'><strong>et</strong></span> <span class='ocrx_word' id='word_1_214' title='bbox 306 2575 507 2654; x_wconf 88' lang='lat' dir='ltr'><strong>fecundiora,</strong></span> <span class='ocrx_word' id='word_1_215' title='bbox 536 2580 572 2639; x_wconf 94' lang='lat' dir='ltr'><strong>ut</strong></span> <span class='ocrx_word' id='word_1_216' title='bbox 602 2577 723 2639; x_wconf 86' lang='lat' dir='ltr'><strong>femina</strong></span> <span class='ocrx_word' id='word_1_217' title='bbox 751 2598 847 2659; x_wconf 93' lang='lat' dir='ltr'><strong>quam</strong></span> <span class='ocrx_word' id='word_1_218' title='bbox 875 2597 946 2638; x_wconf 90' lang='lat' dir='ltr'><strong>mas</strong></span> <span class='ocrx_word' id='word_1_219' title='bbox 975 2579 1007 2639; x_wconf 91' lang='lat' dir='ltr'><strong>et</strong></span> <span class='ocrx_word' id='word_1_220' title='bbox 1031 2597 1088 2658; x_wconf 90' lang='lat' dir='ltr'><strong>pro</strong></span> 
     </span>
     <span class='ocr_line' id='line_1_28' title="bbox 73 2665 1090 2749; baseline -0.002 -19"><span class='ocrx_word' id='word_1_221' title='bbox 73 2665 224 2749; x_wconf 84' lang='lat' dir='ltr'><strong>portione</strong></span> <span class='ocrx_word' id='word_1_222' title='bbox 248 2665 282 2728; x_wconf 93' lang='lat' dir='ltr'><strong>in</strong></span> <span class='ocrx_word' id='word_1_223' title='bbox 305 2666 454 2749; x_wconf 86' lang='lat' dir='ltr'><strong>virgultis</strong></span> <span class='ocrx_word' id='word_1_224' title='bbox 479 2666 572 2729; x_wconf 87' lang='lat' dir='ltr'><strong>item:</strong></span> <span class='ocrx_word' id='word_1_225' title='bbox 604 2666 714 2748; x_wconf 88' lang='lat' dir='ltr'><strong>itaque</strong></span> <span class='ocrx_word' id='word_1_226' title='bbox 733 2666 822 2747; x_wconf 89' lang='lat' dir='ltr'><strong>ficus,</strong></span> <span class='ocrx_word' id='word_1_227' title='bbox 846 2665 952 2727; x_wconf 88' lang='lat' dir='ltr'><strong>malus</strong></span> <span class='ocrx_word' id='word_1_228' title='bbox 971 2665 1090 2748; x_wconf 92' lang='lat' dir='ltr'><strong>punica</strong></span> 
     </span>
     <span class='ocr_line' id='line_1_29' title="bbox 74 2753 1089 2837; baseline -0.001 -19"><span class='ocrx_word' id='word_1_229' title='bbox 74 2760 108 2818; x_wconf 86' lang='lat' dir='ltr'><strong>et</strong></span> <span class='ocrx_word' id='word_1_230' title='bbox 136 2753 214 2817; x_wconf 89' lang='lat' dir='ltr'><strong>vitis</strong></span> <span class='ocrx_word' id='word_1_231' title='bbox 243 2759 376 2837; x_wconf 89' lang='lat' dir='ltr'><strong>propter</strong></span> <span class='ocrx_word' id='word_1_232' title='bbox 403 2753 576 2818; x_wconf 85' lang='lat' dir='ltr'><strong>femineam</strong></span> <span class='ocrx_word' id='word_1_233' title='bbox 607 2753 780 2818; x_wconf 89' lang='lat' dir='ltr'><strong>mollitiam</strong></span> <span class='ocrx_word' id='word_1_234' title='bbox 811 2753 851 2817; x_wconf 91' lang='lat' dir='ltr'><strong>ad</strong></span> <span class='ocrx_word' id='word_1_235' title='bbox 882 2754 1089 2818; x_wconf 88' lang='lat' dir='ltr'><strong>crescendum</strong></span> 
     </span>
     <span class='ocr_line' id='line_1_30' title="bbox 73 2843 1120 2927; baseline 0.004 -21"><span class='ocrx_word' id='word_1_236' title='bbox 73 2864 188 2927; x_wconf 87' lang='lat' dir='ltr'><strong>prona,</strong></span> <span class='ocrx_word' id='word_1_237' title='bbox 211 2845 325 2906; x_wconf 89' lang='lat' dir='ltr'><strong>contra</strong></span> <span class='ocrx_word' id='word_1_238' title='bbox 347 2843 457 2927; x_wconf 88' lang='lat' dir='ltr'><strong>palma</strong></span> <span class='ocrx_word' id='word_1_239' title='bbox 481 2847 513 2906; x_wconf 89' lang='lat' dir='ltr'><strong>et</strong></span> <span class='ocrx_word' id='word_1_240' title='bbox 531 2865 700 2926; x_wconf 85' lang='lat' dir='ltr'><strong>cupressus</strong></span> <span class='ocrx_word' id='word_1_241' title='bbox 721 2847 753 2907; x_wconf 89' lang='lat' dir='ltr'><strong>ct</strong></span> <span class='ocrx_word' id='word_1_242' title='bbox 772 2844 844 2906; x_wconf 91' lang='lat' dir='ltr'><strong>olea</strong></span> <span class='ocrx_word' id='word_1_243' title='bbox 862 2843 897 2905; x_wconf 90' lang='lat' dir='ltr'><strong>in</strong></span> <span class='ocrx_word' id='word_1_244' title='bbox 916 2844 1120 2911; x_wconf 86' lang='lat' dir='ltr'><strong>crescend05</strong></span> 
     </span>
    </p>
   </div>
   <div class='ocr_carea' id='block_1_3' title="bbox 74 3033 1091 3389">
    <p class='ocr_par' dir='ltr' id='par_1_3' title="bbox 74 3033 1091 3389">
     <span class='ocr_line' id='line_1_31' title="bbox 165 3033 1089 3104; baseline 0 -16"><span class='ocrx_word' id='word_1_245' title='bbox 165 3042 182 3088; x_wconf 79' lang='lat'>2</span> <span class='ocrx_word' id='word_1_246' title='bbox 202 3033 355 3088; x_wconf 74' lang='lat' dir='ltr'><strong>caldionem</strong></span> <span class='ocrx_word' id='word_1_247' title='bbox 431 3040 463 3088; x_wconf 76' lang='lat'><strong>12</strong></span> <span class='ocrx_word' id='word_1_248' title='bbox 483 3033 570 3088; x_wconf 85' lang='lat' dir='ltr'><strong>uitem</strong></span> <span class='ocrx_word' id='word_1_249' title='bbox 588 3034 682 3088; x_wconf 91' lang='lat' dir='ltr'><strong>triduo</strong></span> <span class='ocrx_word' id='word_1_250' title='bbox 703 3035 802 3103; x_wconf 87' lang='lat' dir='ltr'><strong>(uitem</strong></span> <span class='ocrx_word' id='word_1_251' title='bbox 821 3051 883 3088; x_wconf 88' lang='lat' dir='ltr'><strong>oum</strong></span> <span class='ocrx_word' id='word_1_252' title='bbox 903 3033 996 3088; x_wconf 89' lang='lat' dir='ltr'><strong>triduo</strong></span> <span class='ocrx_word' id='word_1_253' title='bbox 1017 3035 1089 3104; x_wconf 86' lang='lat' dir='ltr'><strong>Pol.)</strong></span> 
     </span>
     <span class='ocr_line' id='line_1_32' title="bbox 75 3104 1091 3176; baseline -0.002 -15"><span class='ocrx_word' id='word_1_254' title='bbox 75 3114 109 3161; x_wconf 84' lang='lat'><strong>13</strong></span> <span class='ocrx_word' id='word_1_255' title='bbox 139 3105 189 3174; x_wconf 87' lang='lat' dir='ltr'><strong>qui</strong></span> <span class='ocrx_word' id='word_1_256' title='bbox 215 3106 246 3159; x_wconf 92' lang='lat' dir='ltr'><strong>in</strong></span> <span class='ocrx_word' id='word_1_257' title='bbox 274 3105 320 3176; x_wconf 85' lang='lat' dir='ltr'><strong>ea]</strong></span> <span class='ocrx_word' id='word_1_258' title='bbox 346 3106 456 3173; x_wconf 88' lang='lat' dir='ltr'><strong>quodca</strong></span> <span class='ocrx_word' id='word_1_259' title='bbox 547 3104 659 3160; x_wconf 81' lang='lat' dir='ltr'><strong>diffluat</strong></span> <span class='ocrx_word' id='word_1_260' title='bbox 749 3110 783 3158; x_wconf 83' lang='grc'><strong>14</strong></span> <span class='ocrx_word' id='word_1_261' title='bbox 805 3105 835 3158; x_wconf 90' lang='lat' dir='ltr'><strong>in</strong></span> <span class='ocrx_word' id='word_1_262' title='bbox 859 3106 954 3175; x_wconf 91' lang='lat' dir='ltr'><strong>quam]</strong></span> <span class='ocrx_word' id='word_1_263' title='bbox 981 3106 1010 3159; x_wconf 90' lang='lat' dir='ltr'><strong>in</strong></span> <span class='ocrx_word' id='word_1_264' title='bbox 1034 3123 1091 3174; x_wconf 90' lang='lat' dir='ltr'><strong>qua</strong></span> 
     </span>
     <span class='ocr_line' id='line_1_33' title="bbox 75 3175 1091 3247; baseline -0.002 -16"><span class='ocrx_word' id='word_1_265' title='bbox 75 3184 109 3233; x_wconf 86' lang='grc'><strong>16</strong></span> <span class='ocrx_word' id='word_1_266' title='bbox 133 3176 238 3247; x_wconf 90' lang='lat' dir='ltr'><strong>punico</strong></span> <span class='ocrx_word' id='word_1_267' title='bbox 261 3176 374 3245; x_wconf 86' lang='lat' dir='ltr'><strong>(punica</strong></span> <span class='ocrx_word' id='word_1_268' title='bbox 403 3177 441 3245; x_wconf 89' lang='lat' dir='ltr'><strong>V)</strong></span> <span class='ocrx_word' id='word_1_269' title='bbox 523 3181 555 3230; x_wconf 78' lang='lat'><strong>17</strong></span> <span class='ocrx_word' id='word_1_270' title='bbox 580 3177 660 3246; x_wconf 88' lang='lat' dir='ltr'><strong>siqua</strong></span> <span class='ocrx_word' id='word_1_271' title='bbox 754 3175 877 3230; x_wconf 89' lang='lat' dir='ltr'><strong>aridiora</strong></span> <span class='ocrx_word' id='word_1_272' title='bbox 904 3178 1019 3245; x_wconf 88' lang='lat' dir='ltr'><strong>(aridior</strong></span> <span class='ocrx_word' id='word_1_273' title='bbox 1051 3177 1091 3245; x_wconf 82' lang='lat' dir='ltr'><strong>V)</strong></span> 
     </span>
     <span class='ocr_line' id='line_1_34' title="bbox 75 3245 1091 3317; baseline -0.001 -15"><span class='ocrx_word' id='word_1_274' title='bbox 75 3254 110 3304; x_wconf 88' lang='lat'><strong>18</strong></span> <span class='ocrx_word' id='word_1_275' title='bbox 129 3246 362 3302; x_wconf 84' lang='lat' dir='ltr'><strong>translationibus</strong></span> <span class='ocrx_word' id='word_1_276' title='bbox 381 3246 610 3315; x_wconf 89' lang='lat' dir='ltr'><strong>(tranlationibus</strong></span> <span class='ocrx_word' id='word_1_277' title='bbox 631 3248 704 3317; x_wconf 90' lang='lat' dir='ltr'><strong>Pol.)</strong></span> <span class='ocrx_word' id='word_1_278' title='bbox 808 3253 842 3301; x_wconf 82' lang='lat'><strong>20</strong></span> <span class='ocrx_word' id='word_1_279' title='bbox 862 3246 897 3301; x_wconf 87' lang='lat' dir='ltr'><strong>de</strong></span> <span class='ocrx_word' id='word_1_280' title='bbox 920 3247 956 3302; x_wconf 87' lang='lat' dir='ltr'><strong>iis</strong></span> <span class='ocrx_word' id='word_1_281' title='bbox 980 3249 1026 3316; x_wconf 88' lang='lat' dir='ltr'><strong>(de</strong></span> <span class='ocrx_word' id='word_1_282' title='bbox 1046 3245 1091 3301; x_wconf 83' lang='lat' dir='ltr'><strong>his</strong></span> 
     </span>
     <span class='ocr_line' id='line_1_35' title="bbox 74 3317 446 3389; baseline -0.008 -14"><span class='ocrx_word' id='word_1_283' title='bbox 74 3321 185 3389; x_wconf 75' lang='lat' dir='ltr'><strong>upopr.)</strong></span> <span class='ocrx_word' id='word_1_284' title='bbox 258 3324 293 3372; x_wconf 80' lang='lat'><strong>28</strong></span> <span class='ocrx_word' id='word_1_285' title='bbox 311 3317 446 3373; x_wconf 87' lang='lat' dir='ltr'><strong>feminam</strong></span> 
     </span>
    </p>
   </div>
   <div class='ocr_carea' id='block_1_4' title="bbox 72 3492 1092 3625">
    <p class='ocr_par' dir='ltr' id='par_1_4' title="bbox 72 3492 1092 3625">
     <span class='ocr_line' id='line_1_36' title="bbox 166 3492 1092 3564; baseline -0.003 -14"><span class='ocrx_word' id='word_1_286' title='bbox 166 3502 183 3550; x_wconf 83' lang='lat'><strong>9.</strong></span> <span class='ocrx_word' id='word_1_287' title='bbox 204 3497 345 3551; x_wconf 84' lang='lat' dir='ltr'><strong>caldorem</strong></span> <span class='ocrx_word' id='word_1_288' title='bbox 363 3497 508 3551; x_wconf 78' lang='lat' dir='ltr'><strong>Iucundos</strong></span> <span class='ocrx_word' id='word_1_289' title='bbox 564 3501 596 3550; x_wconf 82' lang='lat'><strong>13</strong></span> <span class='ocrx_word' id='word_1_290' title='bbox 616 3497 648 3549; x_wconf 92' lang='lat' dir='ltr'><strong>ut</strong></span> <span class='ocrx_word' id='word_1_291' title='bbox 667 3494 764 3564; x_wconf 91' lang='lat' dir='ltr'><strong>quiin</strong></span> <span class='ocrx_word' id='word_1_292' title='bbox 783 3511 816 3549; x_wconf 88' lang='lat' dir='ltr'><strong>ea</strong></span> <span class='ocrx_word' id='word_1_293' title='bbox 834 3511 881 3548; x_wconf 84' lang='lat' dir='ltr'><strong>mo</strong></span> <span class='ocrx_word' id='word_1_294' title='bbox 941 3492 1047 3546; x_wconf 88' lang='lat' dir='ltr'><strong>defluat</strong></span> <span class='ocrx_word' id='word_1_295' title='bbox 1064 3510 1092 3547; x_wconf 88' lang='lat' dir='ltr'><strong>m</strong></span> 
     </span>
     <span class='ocr_line' id='line_1_37' title="bbox 72 3568 348 3625; baseline -0.011 0"><span class='ocrx_word' id='word_1_296' title='bbox 72 3575 110 3625; x_wconf 79' lang='lat'><strong>28</strong></span> <span class='ocrx_word' id='word_1_297' title='bbox 129 3568 283 3623; x_wconf 79' lang='lat' dir='ltr'><strong>femineam</strong></span> <span class='ocrx_word' id='word_1_298' title='bbox 300 3584 348 3622; x_wconf 87' lang='lat' dir='ltr'><strong>mo</strong></span> 
     </span>
    </p>
   </div>
   <div class='ocr_carea' id='block_1_5' title="bbox 0 0 1229 3952">
    <p class='ocr_par' dir='ltr' id='par_1_5' title="bbox 0 0 1229 3952">
     <span class='ocr_line' id='line_1_38' title="bbox 0 0 1229 3952; baseline 0 0"><span class='ocrx_word' id='word_1_299' title='bbox 0 0 1229 3952; x_wconf 95' lang='lat' dir='ltr'><strong> </strong></span> 
     </span>
    </p>
   </div>
  </div>
 </body>
</html>
