2430 3952
299 189 429 244 RERVM
447 188 684 245 RVSTICARVM
702 189 769 244 LIB.
789 188 827 242 ΙΙΙ
847 196 863 244 9
1023 187 1087 252 143

71 334 186 419 oulpta
209 337 266 397 aut
289 333 405 398 adficta
425 333 571 400 firmiter.
608 337 716 398 motus
736 335 831 415 enim,
855 356 927 398 curn
947 333 1088 418 incubat,

70 426 179 489 nocet.
223 423 257 486 in
280 422 450 506 cubilibus,
474 445 545 487 cum
568 424 760 506 parturient,
783 444 859 487 acus
882 422 1087 486 substernen-
1121 430 1140 488 8

71 512 164 595 dum3
184 532 273 575 cum
300 515 510 595 pepererunt,
539 512 655 576 tollere
684 512 889 575 substramen
916 515 949 574 et
978 531 1088 574 recens

72 601 157 666 aliut
189 599 342 683 subicere,
375 599 461 683 quod
491 601 614 684 pulices
647 603 680 663 et
712 603 819 664 cetera
851 600 940 664 nasci
973 599 1088 681 solent,

40 711 158 773 aquae
188 687 345 772 gallinam
368 689 595 771 conquiescere
617 710 683 752 non
706 688 887 773 patiuntur,
924 688 965 752 ab
990 709 1088 770 quam

71 799 143 842 rem
176 798 238 841 ova
270 780 327 840 aut
357 777 606 859 inaequabiliter
639 781 860 841 maturescunt
891 781 948 841 aut
980 797 1088 840 conse·

70 867 219 931 noscunt.
265 885 346 947 quae
374 865 455 928 velis
484 866 630 950 incubet,
656 869 779 950 negant
802 866 874 948 plus
898 884 970 930 xxv
993 887 1086 948 opor-

71 958 143 1018 tere
167 974 228 1018 ova
250 952 418 1032 incubare,
446 955 592 1037 quamvis
620 959 752 1038 propter
778 953 1007 1018 fecunditatem
1032 975 1087 1035 pe-

70 1042 195 1126 pererit
222 1041 325 1124 plura.
371 1043 530 1125 optimum
558 1063 629 1106 esse
655 1047 785 1127 partum
817 1042 856 1106 ab
884 1042 1086 1126 aequinoctio
1122 1049 1140 1105 9

29 1159 59 1199 ιο
74 1151 175 1196 verno
199 1131 237 1193 ad
262 1132 457 1195 autumnale.
494 1131 603 1214 itaque
627 1153 709 1215 quae
733 1135 809 1196 ante
832 1134 890 1195 aut
911 1135 988 1214 post
1009 1139 1088 1195 nata

73 1222 152 1283 sunt
174 1218 328 1282 et-etiam
351 1219 457 1301 prima
480 1241 517 1283 eo
540 1225 696 1303 tempore,
718 1241 782 1285 non
808 1219 1031 1304 supponenda,
1055 1223 1089 1282 et

73 1328 216 1391 eaquae
235 1307 384 1388 subiciaS,
404 1309 510 1390 potius
530 1309 647 1372 vetulis
668 1331 765 1392 quam
783 1309 937 1392 pullitris,
955 1312 988 1372 et
1006 1329 1088 1391 quae

72 1400 183 1461 rostra
211 1400 267 1460 aut
293 1416 419 1480 ungues
445 1418 510 1460 non
539 1396 682 1460 habeant
711 1402 837 1480 acutos,
865 1418 946 1479 quae
971 1397 1088 1461 debent
1119 1447 1126 1458 .

71 1484 185 1570 potius
207 1485 242 1547 in
265 1484 472 1568 concipiendo
493 1490 668 1568 occupatae
688 1507 757 1549 esse
781 1506 878 1567 quam
897 1485 1087 1550 incubando.

29 1600 59 1642 rs
74 1573 337 1656 adpositissimae
366 1574 406 1637 ad
433 1579 564 1656 partum
592 1578 667 1637 sunt
697 1573 867 1637 anniculae
891 1577 948 1637 aut
972 1573 1088 1637 bimae.

73 1663 104 1727 si
137 1683 199 1726 ova
231 1661 363 1746 gallinis
396 1662 558 1744 pavonina
590 1662 740 1744 subicias,
775 1684 848 1725 cum
880 1663 946 1725 iam
978 1661 1087 1724 decem
1100 1666 1141 1723 10

73 1750 143 1815 dies
175 1749 284 1814 fovere
317 1750 437 1832 coepit,
469 1755 538 1813 tum
569 1751 705 1834 denique
734 1749 908 1834 gallinacia
935 1750 1089 1831 subicere,

73 1841 113 1903 ut
134 1860 198 1902 una
221 1838 365 1902 excudat.
412 1838 594 1922 gallinaciis
618 1840 703 1903 enim
727 1839 823 1923 pullis
847 1838 898 1903 bis
922 1838 996 1903 deni
1021 1838 1088 1903 dies

74 1948 157 2010 opus
177 1931 260 2009 sunt,
280 1927 452 2011 pavoninis
472 1931 522 1991 ter
539 1929 665 1993 noveni.
698 1950 753 1992 eas
771 1927 932 1991 includere
952 1929 1089 2010 oportet,

30 2044 60 2086 »ο
73 2019 113 2080 ut
135 2015 219 2079 diem
242 2018 275 2078 et
296 2018 425 2079 noctem
448 2016 609 2099 incubent,
628 2022 855 2100 praeterquam
876 2019 922 2098 [a]
942 2021 1089 2080 maneat

74 2125 218 2187 vespere,
241 2102 317 2167 dum
341 2103 432 2168 cibus
451 2126 489 2168 ac
507 2107 597 2187 potio
616 2106 656 2169 iis
676 2107 776 2170 detur.
812 2111 941 2170 curator
960 2108 1089 2188 oportet
1101 2111 1139 2167 11

73 2193 250 2258 circumeat
278 2191 390 2256 diebus
418 2193 620 2276 interpositis
649 2195 772 2278 aliquot
799 2215 836 2258 ac
863 2199 987 2258 vertere
1017 2215 1089 2276 ova,

73 2284 111 2346 ut
130 2280 341 2364 aequabiliter
360 2281 577 2345 concalefisnt.
606 2303 666 2346 ova
684 2284 780 2365 plena
799 2282 866 2346 sint
883 2286 980 2365 atque
995 2282 1089 2345 utilia

71 2391 184 2453 necne,
205 2370 418 2433 animadverti
437 2370 529 2433 aiunt
547 2392 652 2452 posse,
675 2372 703 2434 si
722 2370 888 2434 demiseris
908 2370 941 2432 in
961 2390 1089 2452 aquarn,

30 2489 59 2530 2⁶
73 2458 161 2543 quod
183 2458 278 2521 inane
302 2462 405 2540 natet,
435 2458 567 2543 plenum
591 2458 722 2523 desidit:
764 2459 828 2542 qui,
850 2463 887 2522 ut
909 2457 972 2521 hoc
994 2456 1089 2519 intel-

72 2549 195 2630 legant,
219 2548 414 2629 conautiant,
437 2569 553 2630 errare,
577 2547 664 2631 quod
687 2549 828 2628 [inanes]
852 2546 970 2611 vitales
990 2566 1088 2609 venas

72 2634 276 2700 confundant
302 2636 336 2697 in
363 2636 413 2700 iis.
458 2636 543 2699 idem
567 2638 666 2720 aiunt,
691 2658 764 2700 cum
788 2636 828 2700 ad
851 2637 961 2699 lumen
985 2638 1089 2697 sustu·

72 2724 165 2807 leris,
193 2723 279 2808 quod
307 2725 481 2807 perluceat,
514 2725 547 2788 id
575 2747 645 2789 esse
674 2725 744 2805 [ob]
773 2725 879 2790 inane.
925 2723 980 2806 qui
1009 2722 1141 2786 haecl2
1167 2784 1185 2821 ι

164 2898 403 2953 aeabatarnenda
462 2899 608 2967 8peperit
666 2900 737 2953 9ab
757 2915 807 2955 ann
871 2904 904 2951 10
923 2897 959 2950 ab
979 2898 1089 2950 autum-

72 2968 134 3022 nali
223 2972 306 3023 antea
330 2971 363 3022 ut
385 2969 450 3037 post
477 2970 571 3036 (antea
596 2972 646 3024 aut
673 2972 739 3038 post
761 2970 801 3038 V)
893 2974 925 3022 12
952 2966 1088 3038 pullitris]

72 3045 167 3094 notam
190 3042 345 3109 adpositam
368 3055 423 3094 csse
446 3041 589 3094 adnotavit
616 3040 755 3095 Victorias
845 3046 878 3094 16
908 3040 1005 3093 decem
1030 3037 1089 3091 dies

72 3109 226 3179 gallinacia
254 3113 349 3165 fouere
379 3111 472 3178 coepit
494 3115 555 3164 tum
578 3111 698 3180 denique
718 3110 843 3165 subicere
934 3114 968 3162 21
992 3108 1039 3178 iis]
1064 3107 1089 3161 is

72 3187 108 3235 27
129 3181 302 3235 confundant
321 3181 506 3251 (confundunt
529 3182 568 3251 V)
612 3225 623 3269 Ι

163 3329 180 3376 2
199 3339 266 3377 acus
285 3323 516 3378 substernendum
537 3324 705 3378 Priscianus
723 3325 740 3378 l.
763 3324 831 3392 Vp.
846 3325 912 3389 162,
924 3325 961 3375 17
1006 3324 1023 3371 8
1041 3335 1089 3387 pe·

71 3394 211 3465 pereritv
302 3400 318 3448 9
342 3394 378 3447 ab
403 3394 579 3462 aequinoctio
607 3395 724 3450 Ursinus
814 3400 848 3448 10
870 3393 907 3446 ad
926 3388 1089 3445 autumnale

72 3466 208 3534 Angelius
260 3470 294 3518 20
322 3467 517 3533 praeterquam
545 3483 627 3520 mane
657 3467 804 3521 Iacnndns
852 3470 886 3517 26
918 3462 1016 3515 inanes
1046 3463 1089 3515 da-

73 3537 183 3591 landam
197 3553 251 3591 esse
264 3537 432 3605 significauit
451 3536 589 3591 Victorius
638 3536 716 3591 said
733 3552 794 3591 esse
812 3533 896 3588 inane
910 3532 1091 3587 Schneiderns
