<?xml version="1.0" encoding="UTF-8"?>
<!DOCTYPE html PUBLIC "-//W3C//DTD XHTML 1.0 Transitional//EN"
    "http://www.w3.org/TR/xhtml1/DTD/xhtml1-transitional.dtd">
<html xmlns="http://www.w3.org/1999/xhtml" xml:lang="en" lang="en">
 <head>
  <title>
</title>
<meta http-equiv="Content-Type" content="text/html;charset=utf-8" />
  <meta name='ocr-system' content='tesseract 3.04.00' />
  <meta name='ocr-capabilities' content='ocr_page ocr_carea ocr_par ocr_line ocrx_word'/>
</head>
<body>
  <div class='ocr_page' id='page_1' title='image "./mterentivarroni01keilgoog/mterentivarroni01keilgoog_0094.png"; bbox 0 0 2430 3952; ppageno 0'>
   <div class='ocr_carea' id='block_1_1' title="bbox 313 207 1091 273">
    <p class='ocr_par' dir='ltr' id='par_1_1' title="bbox 313 207 1091 273">
     <span class='ocr_line' id='line_1_1' title="bbox 313 207 1091 273; baseline -0.003 -10"><span class='ocrx_word' id='word_1_1' title='bbox 313 208 442 264; x_wconf 82' lang='lat' dir='ltr'>RERVM</span> <span class='ocrx_word' id='word_1_2' title='bbox 459 207 698 264; x_wconf 81' lang='lat' dir='ltr'><strong>RVSTICARVM</strong></span> <span class='ocrx_word' id='word_1_3' title='bbox 716 208 784 263; x_wconf 90' lang='lat' dir='ltr'>LIB.</span> <span class='ocrx_word' id='word_1_4' title='bbox 798 209 854 262; x_wconf 88' lang='lat'>111</span> <span class='ocrx_word' id='word_1_5' title='bbox 1050 208 1091 273; x_wconf 78' lang='lat'>73</span> 
     </span>
    </p>
   </div>
   <div class='ocr_carea' id='block_1_2' title="bbox 10 353 1124 2829">
    <p class='ocr_par' dir='ltr' id='par_1_2' title="bbox 10 353 1124 2829">
     <span class='ocr_line' id='line_1_2' title="bbox 78 353 1091 438; baseline -0.001 -18"><span class='ocrx_word' id='word_1_6' title='bbox 78 376 154 420; x_wconf 91' lang='lat' dir='ltr'>cum</span> <span class='ocrx_word' id='word_1_7' title='bbox 174 374 301 438; x_wconf 87' lang='lat' dir='ltr'>semper</span> <span class='ocrx_word' id='word_1_8' title='bbox 318 354 420 418; x_wconf 86' lang='lat' dir='ltr'>fuisse</span> <span class='ocrx_word' id='word_1_9' title='bbox 439 354 483 418; x_wconf 92' lang='lat' dir='ltr'>sit</span> <span class='ocrx_word' id='word_1_10' title='bbox 501 375 631 418; x_wconf 89' lang='lat' dir='ltr'>necesse</span> <span class='ocrx_word' id='word_1_11' title='bbox 650 357 823 418; x_wconf 90' lang='lat' dir='ltr'>natura-</span> <span class='ocrx_word' id='word_1_12' title='bbox 840 353 907 418; x_wconf 88' lang='lat' dir='ltr'>sive</span> <span class='ocrx_word' id='word_1_13' title='bbox 927 354 1014 418; x_wconf 92' lang='lat' dir='ltr'>enim</span> <span class='ocrx_word' id='word_1_14' title='bbox 1033 355 1091 419; x_wconf 88' lang='lat' dir='ltr'>ali-</span> 
     </span>
     <span class='ocr_line' id='line_1_3' title="bbox 79 442 1092 527; baseline -0.003 -18"><span class='ocrx_word' id='word_1_15' title='bbox 79 442 167 527; x_wconf 87' lang='lat' dir='ltr'><strong>quod</strong></span> <span class='ocrx_word' id='word_1_16' title='bbox 190 442 252 507; x_wconf 85' lang='lat' dir='ltr'>fuit</span> <span class='ocrx_word' id='word_1_17' title='bbox 274 442 469 527; x_wconf 89' lang='lat' dir='ltr'>principium</span> <span class='ocrx_word' id='word_1_18' title='bbox 492 442 667 527; x_wconf 85' lang='lat' dir='ltr'>generandi</span> <span class='ocrx_word' id='word_1_19' title='bbox 687 442 885 521; x_wconf 88' lang='lat' dir='ltr'>animalium,</span> <span class='ocrx_word' id='word_1_20' title='bbox 908 445 945 505; x_wconf 92' lang='lat' dir='ltr'>ut</span> <span class='ocrx_word' id='word_1_21' title='bbox 962 444 1092 525; x_wconf 88' lang='lat' dir='ltr'>putavit</span> 
     </span>
     <span class='ocr_line' id='line_1_4' title="bbox 79 529 1092 614; baseline -0.001 -18"><span class='ocrx_word' id='word_1_22' title='bbox 79 532 201 596; x_wconf 84' lang='lat' dir='ltr'>Thales</span> <span class='ocrx_word' id='word_1_23' title='bbox 215 530 360 595; x_wconf 90' lang='lat' dir='ltr'>Milesius</span> <span class='ocrx_word' id='word_1_24' title='bbox 379 534 413 594; x_wconf 92' lang='lat' dir='ltr'>et</span> <span class='ocrx_word' id='word_1_25' title='bbox 425 530 511 597; x_wconf 85' lang='lat' dir='ltr'>Zeno</span> <span class='ocrx_word' id='word_1_26' title='bbox 526 529 659 612; x_wconf 69' lang='lat' dir='ltr'>Citieus</span> <span class='ocrx_word' id='word_1_27' title='bbox 679 531 746 595; x_wconf 88' lang='lat' dir='ltr'>sive</span> <span class='ocrx_word' id='word_1_28' title='bbox 766 534 878 595; x_wconf 89' lang='lat' dir='ltr'>contra</span> <span class='ocrx_word' id='word_1_29' title='bbox 896 531 1092 614; x_wconf 90' lang='lat' dir='ltr'>principium</span> 
     </span>
     <span class='ocr_line' id='line_1_5' title="bbox 79 618 1092 703; baseline -0.001 -18"><span class='ocrx_word' id='word_1_30' title='bbox 79 621 198 686; x_wconf 91' lang='lat' dir='ltr'>horum</span> <span class='ocrx_word' id='word_1_31' title='bbox 222 620 332 684; x_wconf 88' lang='lat' dir='ltr'>extitit</span> <span class='ocrx_word' id='word_1_32' title='bbox 351 618 488 702; x_wconf 91' lang='lat' dir='ltr'>nullum,</span> <span class='ocrx_word' id='word_1_33' title='bbox 516 624 554 683; x_wconf 91' lang='lat' dir='ltr'>ut</span> <span class='ocrx_word' id='word_1_34' title='bbox 576 620 713 683; x_wconf 88' lang='lat' dir='ltr'>credidit</span> <span class='ocrx_word' id='word_1_35' title='bbox 734 618 939 703; x_wconf 87' lang='lat' dir='ltr'>Pythagoras</span> <span class='ocrx_word' id='word_1_36' title='bbox 964 618 1092 684; x_wconf 81' lang='lat' dir='ltr'>Samius</span> 
     </span>
     <span class='ocr_line' id='line_1_6' title="bbox 47 706 1092 793; baseline -0.003 -18"><span class='ocrx_word' id='word_1_37' title='bbox 47 713 115 775; x_wconf 80' lang='lat' dir='ltr'>set</span> <span class='ocrx_word' id='word_1_38' title='bbox 138 707 333 774; x_wconf 85' lang='lat' dir='ltr'>Aristoteles</span> <span class='ocrx_word' id='word_1_39' title='bbox 362 706 552 793; x_wconf 81' lang='lat' dir='ltr'>Stageritcs,</span> <span class='ocrx_word' id='word_1_40' title='bbox 579 729 712 772; x_wconf 89' lang='lat' dir='ltr'>necesse</span> <span class='ocrx_word' id='word_1_41' title='bbox 740 712 789 772; x_wconf 89' lang='lat' dir='ltr'>est</span> <span class='ocrx_word' id='word_1_42' title='bbox 816 707 977 772; x_wconf 83' lang='lat' dir='ltr'><strong>humanae</strong></span> <span class='ocrx_word' id='word_1_43' title='bbox 1005 708 1092 772; x_wconf 88' lang='lat' dir='ltr'>vitae</span> 
     </span>
     <span class='ocr_line' id='line_1_7' title="bbox 78 796 1093 881; baseline -0.002 -19"><span class='ocrx_word' id='word_1_44' title='bbox 78 798 123 863; x_wconf 86' lang='lat' dir='ltr'>ab</span> <span class='ocrx_word' id='word_1_45' title='bbox 156 818 284 862; x_wconf 85' lang='lat' dir='ltr'>summa</span> <span class='ocrx_word' id='word_1_46' title='bbox 319 798 475 861; x_wconf 90' lang='lat' dir='ltr'>memoria</span> <span class='ocrx_word' id='word_1_47' title='bbox 507 796 668 881; x_wconf 73' lang='lat' dir='ltr'>gradatim</span> <span class='ocrx_word' id='word_1_48' title='bbox 700 796 901 861; x_wconf 82' lang='lat' dir='ltr'>descendisse</span> <span class='ocrx_word' id='word_1_49' title='bbox 936 796 975 860; x_wconf 94' lang='lat' dir='ltr'>ad</span> <span class='ocrx_word' id='word_1_50' title='bbox 1009 796 1093 861; x_wconf 91' lang='lat' dir='ltr'>hanc</span> 
     </span>
     <span class='ocr_line' id='line_1_8' title="bbox 79 883 1092 970; baseline -0.003 -19"><span class='ocrx_word' id='word_1_51' title='bbox 79 888 237 970; x_wconf 83' lang='lat' dir='ltr'>aetatem,</span> <span class='ocrx_word' id='word_1_52' title='bbox 260 889 297 950; x_wconf 89' lang='lat' dir='ltr'>ut</span> <span class='ocrx_word' id='word_1_53' title='bbox 321 885 434 950; x_wconf 81' lang='lat' dir='ltr'>scribit</span> <span class='ocrx_word' id='word_1_54' title='bbox 455 883 684 970; x_wconf 82' lang='lat' dir='ltr'>Dicaearchus,</span> <span class='ocrx_word' id='word_1_55' title='bbox 713 889 745 948; x_wconf 90' lang='lat' dir='ltr'>et</span> <span class='ocrx_word' id='word_1_56' title='bbox 769 907 930 948; x_wconf 90' lang='lat' dir='ltr'>summum</span> <span class='ocrx_word' id='word_1_57' title='bbox 955 886 1092 970; x_wconf 88' lang='lat' dir='ltr'>gradum</span> 
     </span>
     <span class='ocr_line' id='line_1_9' title="bbox 78 973 1093 1058; baseline -0.001 -19"><span class='ocrx_word' id='word_1_58' title='bbox 78 973 182 1040; x_wconf 84' lang='lat' dir='ltr'>fuisse</span> <span class='ocrx_word' id='word_1_59' title='bbox 204 974 397 1058; x_wconf 76' lang='lat' dir='ltr'>naturalem,</span> <span class='ocrx_word' id='word_1_60' title='bbox 420 995 492 1039; x_wconf 90' lang='lat' dir='ltr'>cum</span> <span class='ocrx_word' id='word_1_61' title='bbox 516 974 664 1038; x_wconf 88' lang='lat' dir='ltr'>viverent</span> <span class='ocrx_word' id='word_1_62' title='bbox 685 974 834 1039; x_wconf 89' lang='lat' dir='ltr'>homines</span> <span class='ocrx_word' id='word_1_63' title='bbox 858 995 898 1036; x_wconf 83' lang='lat' dir='ltr'>ex</span> <span class='ocrx_word' id='word_1_64' title='bbox 922 973 962 1037; x_wconf 93' lang='lat' dir='ltr'>iis</span> <span class='ocrx_word' id='word_1_65' title='bbox 986 973 1093 1057; x_wconf 90' lang='lat' dir='ltr'>rebus,</span> 
     </span>
     <span class='ocr_line' id='line_1_10' title="bbox 80 1061 1123 1148; baseline -0.001 -20"><span class='ocrx_word' id='word_1_66' title='bbox 80 1084 165 1148; x_wconf 87' lang='lat' dir='ltr'>quac</span> <span class='ocrx_word' id='word_1_67' title='bbox 193 1063 351 1129; x_wconf 85' lang='lat' dir='ltr'>inviolata</span> <span class='ocrx_word' id='word_1_68' title='bbox 377 1063 462 1128; x_wconf 89' lang='lat' dir='ltr'>ultro</span> <span class='ocrx_word' id='word_1_69' title='bbox 490 1062 590 1126; x_wconf 89' lang='lat' dir='ltr'>ferret</span> <span class='ocrx_word' id='word_1_70' title='bbox 616 1066 716 1143; x_wconf 88' lang='lat' dir='ltr'>terra,</span> <span class='ocrx_word' id='word_1_71' title='bbox 744 1084 783 1126; x_wconf 90' lang='lat' dir='ltr'>ex</span> <span class='ocrx_word' id='word_1_72' title='bbox 813 1062 875 1125; x_wconf 91' lang='lat' dir='ltr'>hac</span> <span class='ocrx_word' id='word_1_73' title='bbox 897 1062 965 1125; x_wconf 83' lang='lat' dir='ltr'>vita</span> <span class='ocrx_word' id='word_1_74' title='bbox 987 1061 1022 1125; x_wconf 91' lang='lat' dir='ltr'>in</span> <span class='ocrx_word' id='word_1_75' title='bbox 1047 1072 1123 1127; x_wconf 57' lang='grc' dir='ltr'>θεὲ-4</span> 
     </span>
     <span class='ocr_line' id='line_1_11' title="bbox 34 1150 1093 1236; baseline -0.002 -20"><span class='ocrx_word' id='word_1_76' title='bbox 34 1177 65 1217; x_wconf 82' lang='lat' dir='ltr'>ro</span> <span class='ocrx_word' id='word_1_77' title='bbox 79 1151 220 1218; x_wconf 80' lang='lat' dir='ltr'>cundem</span> <span class='ocrx_word' id='word_1_78' title='bbox 243 1151 447 1217; x_wconf 86' lang='lat' dir='ltr'>descendisse</span> <span class='ocrx_word' id='word_1_79' title='bbox 467 1151 683 1235; x_wconf 86' lang='lat' dir='ltr'>pastoriciam,</span> <span class='ocrx_word' id='word_1_80' title='bbox 706 1150 820 1215; x_wconf 90' lang='lat' dir='ltr'>eferis</span> <span class='ocrx_word' id='word_1_81' title='bbox 840 1154 936 1234; x_wconf 86' lang='lat' dir='ltr'>atque</span> <span class='ocrx_word' id='word_1_82' title='bbox 956 1152 1093 1236; x_wconf 87' lang='lat' dir='ltr'>agresti-</span> 
     </span>
     <span class='ocr_line' id='line_1_12' title="bbox 78 1239 1093 1324; baseline -0.003 -18"><span class='ocrx_word' id='word_1_83' title='bbox 78 1243 143 1307; x_wconf 87' lang='lat' dir='ltr'>bus</span> <span class='ocrx_word' id='word_1_84' title='bbox 172 1245 211 1305; x_wconf 89' lang='lat' dir='ltr'>ut</span> <span class='ocrx_word' id='word_1_85' title='bbox 241 1241 410 1305; x_wconf 80' lang='lat' dir='ltr'>arboribus</span> <span class='ocrx_word' id='word_1_86' title='bbox 442 1262 479 1304; x_wconf 88' lang='lat' dir='ltr'>ac</span> <span class='ocrx_word' id='word_1_87' title='bbox 509 1240 658 1324; x_wconf 85' lang='lat' dir='ltr'>virgultis</span> <span class='ocrx_word' id='word_1_88' title='bbox 690 1240 754 1322; x_wconf 87' lang='lat' dir='ltr'>[ac]</span> <span class='ocrx_word' id='word_1_89' title='bbox 780 1239 980 1321; x_wconf 88' lang='lat' dir='ltr'>decarpendo</span> <span class='ocrx_word' id='word_1_90' title='bbox 1003 1240 1093 1324; x_wconf 87' lang='lat' dir='ltr'>glan·</span> 
     </span>
     <span class='ocr_line' id='line_1_13' title="bbox 78 1327 1093 1415; baseline -0.002 -20"><span class='ocrx_word' id='word_1_91' title='bbox 78 1330 170 1415; x_wconf 88' lang='lat' dir='ltr'>dem,</span> <span class='ocrx_word' id='word_1_92' title='bbox 193 1329 358 1413; x_wconf 89' lang='lat' dir='ltr'>arbutum,</span> <span class='ocrx_word' id='word_1_93' title='bbox 386 1351 489 1413; x_wconf 88' lang='lat' dir='ltr'>mora,</span> <span class='ocrx_word' id='word_1_94' title='bbox 518 1351 615 1412; x_wconf 84' lang='lat' dir='ltr'>poma</span> <span class='ocrx_word' id='word_1_95' title='bbox 635 1329 827 1412; x_wconf 84' lang='lat' dir='ltr'>colligerent</span> <span class='ocrx_word' id='word_1_96' title='bbox 850 1327 890 1392; x_wconf 87' lang='lat' dir='ltr'>ad</span> <span class='ocrx_word' id='word_1_97' title='bbox 914 1351 1023 1413; x_wconf 89' lang='lat' dir='ltr'>usum,</span> <span class='ocrx_word' id='word_1_98' title='bbox 1047 1329 1093 1393; x_wconf 88' lang='lat' dir='ltr'>sic</span> 
     </span>
     <span class='ocr_line' id='line_1_14' title="bbox 79 1417 1093 1502; baseline -0.002 -19"><span class='ocrx_word' id='word_1_99' title='bbox 79 1441 122 1483; x_wconf 86' lang='lat' dir='ltr'>ex</span> <span class='ocrx_word' id='word_1_100' title='bbox 150 1418 347 1485; x_wconf 86' lang='lat' dir='ltr'>animalibus</span> <span class='ocrx_word' id='word_1_101' title='bbox 375 1439 447 1483; x_wconf 91' lang='lat' dir='ltr'>cum</span> <span class='ocrx_word' id='word_1_102' title='bbox 475 1422 607 1501; x_wconf 89' lang='lat' dir='ltr'>propter</span> <span class='ocrx_word' id='word_1_103' title='bbox 635 1417 767 1482; x_wconf 88' lang='lat' dir='ltr'>eandem</span> <span class='ocrx_word' id='word_1_104' title='bbox 790 1417 982 1502; x_wconf 84' lang='lat' dir='ltr'>utilitatem,</span> <span class='ocrx_word' id='word_1_105' title='bbox 1012 1439 1093 1502; x_wconf 88' lang='lat' dir='ltr'>quae</span> 
     </span>
     <span class='ocr_line' id='line_1_15' title="bbox 10 1506 1093 1592; baseline -0.003 -19"><span class='ocrx_word' id='word_1_106' title='bbox 10 1576 13 1587; x_wconf 62' lang='grc'>,</span> <span class='ocrx_word' id='word_1_107' title='bbox 79 1511 230 1592; x_wconf 84' lang='lat' dir='ltr'>possent,</span> <span class='ocrx_word' id='word_1_108' title='bbox 266 1507 430 1571; x_wconf 81' lang='lat' dir='ltr'>silvestria</span> <span class='ocrx_word' id='word_1_109' title='bbox 467 1506 699 1590; x_wconf 89' lang='lat' dir='ltr'>deprenderent</span> <span class='ocrx_word' id='word_1_110' title='bbox 731 1528 768 1569; x_wconf 88' lang='lat' dir='ltr'>ac</span> <span class='ocrx_word' id='word_1_111' title='bbox 801 1506 1028 1570; x_wconf 89' lang='lat' dir='ltr'>concluderent</span> <span class='ocrx_word' id='word_1_112' title='bbox 1060 1511 1093 1570; x_wconf 91' lang='lat' dir='ltr'>et</span> 
     </span>
     <span class='ocr_line' id='line_1_16' title="bbox 35 1595 1096 1678; baseline -0.004 -17"><span class='ocrx_word' id='word_1_113' title='bbox 35 1618 65 1661; x_wconf 87' lang='lat'>15</span> <span class='ocrx_word' id='word_1_114' title='bbox 79 1600 353 1662; x_wconf 80' lang='lat' dir='ltr'>mansuescerent.</span> <span class='ocrx_word' id='word_1_115' title='bbox 385 1595 420 1660; x_wconf 92' lang='lat' dir='ltr'>in</span> <span class='ocrx_word' id='word_1_116' title='bbox 438 1596 510 1678; x_wconf 93' lang='lat' dir='ltr'>quis</span> <span class='ocrx_word' id='word_1_117' title='bbox 528 1596 669 1678; x_wconf 92' lang='lat' dir='ltr'>primum</span> <span class='ocrx_word' id='word_1_118' title='bbox 689 1616 753 1658; x_wconf 90' lang='lat' dir='ltr'>non</span> <span class='ocrx_word' id='word_1_119' title='bbox 774 1595 843 1658; x_wconf 90' lang='lat' dir='ltr'>sine</span> <span class='ocrx_word' id='word_1_120' title='bbox 863 1615 961 1659; x_wconf 88' lang='lat' dir='ltr'>causa</span> <span class='ocrx_word' id='word_1_121' title='bbox 978 1598 1096 1676; x_wconf 85' lang='lat' dir='ltr'>putant</span> 
     </span>
     <span class='ocr_line' id='line_1_17' title="bbox 79 1683 1094 1768; baseline -0.005 -17"><span class='ocrx_word' id='word_1_122' title='bbox 79 1706 160 1751; x_wconf 83' lang='lat' dir='ltr'>oves</span> <span class='ocrx_word' id='word_1_123' title='bbox 185 1685 372 1768; x_wconf 87' lang='lat' dir='ltr'>adsumptas</span> <span class='ocrx_word' id='word_1_124' title='bbox 392 1687 425 1748; x_wconf 90' lang='lat' dir='ltr'>et</span> <span class='ocrx_word' id='word_1_125' title='bbox 442 1686 576 1767; x_wconf 88' lang='lat' dir='ltr'>propter</span> <span class='ocrx_word' id='word_1_126' title='bbox 594 1684 772 1748; x_wconf 88' lang='lat' dir='ltr'>utilitatem</span> <span class='ocrx_word' id='word_1_127' title='bbox 792 1688 824 1746; x_wconf 91' lang='lat' dir='ltr'>et</span> <span class='ocrx_word' id='word_1_128' title='bbox 841 1684 977 1765; x_wconf 90' lang='lat' dir='ltr'>propter</span> <span class='ocrx_word' id='word_1_129' title='bbox 995 1683 1094 1765; x_wconf 93' lang='lat' dir='ltr'>placi-</span> 
     </span>
     <span class='ocr_line' id='line_1_18' title="bbox 78 1771 1095 1856; baseline -0.003 -18"><span class='ocrx_word' id='word_1_130' title='bbox 78 1774 229 1840; x_wconf 84' lang='lat' dir='ltr'>ditatem.</span> <span class='ocrx_word' id='word_1_131' title='bbox 274 1773 413 1837; x_wconf 87' lang='lat' dir='ltr'>maxime</span> <span class='ocrx_word' id='word_1_132' title='bbox 442 1773 527 1836; x_wconf 93' lang='lat' dir='ltr'>enim</span> <span class='ocrx_word' id='word_1_133' title='bbox 556 1773 617 1836; x_wconf 89' lang='lat' dir='ltr'>hae</span> <span class='ocrx_word' id='word_1_134' title='bbox 645 1775 764 1837; x_wconf 87' lang='lat' dir='ltr'>natura</span> <span class='ocrx_word' id='word_1_135' title='bbox 787 1772 913 1856; x_wconf 90' lang='lat' dir='ltr'>quietae</span> <span class='ocrx_word' id='word_1_136' title='bbox 938 1775 971 1834; x_wconf 90' lang='lat' dir='ltr'>et</span> <span class='ocrx_word' id='word_1_137' title='bbox 994 1771 1095 1854; x_wconf 89' lang='lat' dir='ltr'>aptis-</span> 
     </span>
     <span class='ocr_line' id='line_1_19' title="bbox 79 1860 1097 1928; baseline -0.004 0"><span class='ocrx_word' id='word_1_138' title='bbox 79 1864 186 1928; x_wconf 83' lang='lat' dir='ltr'>simae</span> <span class='ocrx_word' id='word_1_139' title='bbox 214 1862 253 1928; x_wconf 89' lang='lat' dir='ltr'>ad</span> <span class='ocrx_word' id='word_1_140' title='bbox 281 1862 383 1926; x_wconf 88' lang='lat' dir='ltr'>vitam</span> <span class='ocrx_word' id='word_1_141' title='bbox 413 1862 588 1926; x_wconf 90' lang='lat' dir='ltr'>hominum.</span> <span class='ocrx_word' id='word_1_142' title='bbox 635 1861 675 1925; x_wconf 91' lang='lat' dir='ltr'>ad</span> <span class='ocrx_word' id='word_1_143' title='bbox 704 1861 810 1924; x_wconf 90' lang='lat' dir='ltr'>cibum</span> <span class='ocrx_word' id='word_1_144' title='bbox 841 1860 927 1923; x_wconf 92' lang='lat' dir='ltr'>enim</span> <span class='ocrx_word' id='word_1_145' title='bbox 955 1861 1039 1924; x_wconf 88' lang='lat' dir='ltr'>lacte</span> <span class='ocrx_word' id='word_1_146' title='bbox 1062 1863 1097 1924; x_wconf 89' lang='lat' dir='ltr'>et</span> 
     </span>
     <span class='ocr_line' id='line_1_20' title="bbox 79 1948 1095 2033; baseline -0.005 -16"><span class='ocrx_word' id='word_1_147' title='bbox 79 1973 212 2017; x_wconf 88' lang='lat' dir='ltr'>caseum</span> <span class='ocrx_word' id='word_1_148' title='bbox 241 1950 438 2033; x_wconf 87' lang='lat' dir='ltr'>adhibitum,</span> <span class='ocrx_word' id='word_1_149' title='bbox 467 1950 506 2014; x_wconf 87' lang='lat' dir='ltr'>ad</span> <span class='ocrx_word' id='word_1_150' title='bbox 536 1971 652 2033; x_wconf 91' lang='lat' dir='ltr'>corpus</span> <span class='ocrx_word' id='word_1_151' title='bbox 680 1950 835 2014; x_wconf 86' lang='lat' dir='ltr'>vestitum</span> <span class='ocrx_word' id='word_1_152' title='bbox 859 1953 891 2012; x_wconf 90' lang='lat' dir='ltr'>et</span> <span class='ocrx_word' id='word_1_153' title='bbox 913 1948 1017 2031; x_wconf 90' lang='lat' dir='ltr'>pelles</span> <span class='ocrx_word' id='word_1_154' title='bbox 1041 1949 1095 2012; x_wconf 89' lang='lat' dir='ltr'>ad-</span> 
     </span>
     <span class='ocr_line' id='line_1_21' title="bbox 36 2036 1124 2123; baseline -0.003 -18"><span class='ocrx_word' id='word_1_155' title='bbox 36 2064 66 2104; x_wconf 80' lang='lat' dir='ltr'>ro</span> <span class='ocrx_word' id='word_1_156' title='bbox 79 2041 236 2105; x_wconf 86' lang='lat' dir='ltr'>tulerunt.</span> <span class='ocrx_word' id='word_1_157' title='bbox 272 2040 368 2104; x_wconf 89' lang='lat' dir='ltr'>tertio</span> <span class='ocrx_word' id='word_1_158' title='bbox 388 2039 523 2121; x_wconf 90' lang='lat' dir='ltr'>denique</span> <span class='ocrx_word' id='word_1_159' title='bbox 543 2039 646 2123; x_wconf 87' lang='lat' dir='ltr'>gradu</span> <span class='ocrx_word' id='word_1_160' title='bbox 667 2061 686 2102; x_wconf 89' lang='lat' dir='ltr'>a</span> <span class='ocrx_word' id='word_1_161' title='bbox 704 2040 773 2103; x_wconf 87' lang='lat' dir='ltr'>vita</span> <span class='ocrx_word' id='word_1_162' title='bbox 790 2037 949 2120; x_wconf 87' lang='lat' dir='ltr'>pastorali</span> <span class='ocrx_word' id='word_1_163' title='bbox 964 2036 1005 2101; x_wconf 88' lang='lat' dir='ltr'>ad</span> <span class='ocrx_word' id='word_1_164' title='bbox 1024 2037 1124 2121; x_wconf 84' lang='lat' dir='ltr'>agri5</span> 
     </span>
     <span class='ocr_line' id='line_1_22' title="bbox 79 2126 1094 2211; baseline -0.006 -16"><span class='ocrx_word' id='word_1_165' title='bbox 79 2128 244 2195; x_wconf 89' lang='lat' dir='ltr'>culturam</span> <span class='ocrx_word' id='word_1_166' title='bbox 276 2128 522 2211; x_wconf 88' lang='lat' dir='ltr'>descenderunt,</span> <span class='ocrx_word' id='word_1_167' title='bbox 553 2128 587 2191; x_wconf 93' lang='lat' dir='ltr'>in</span> <span class='ocrx_word' id='word_1_168' title='bbox 618 2149 680 2210; x_wconf 88' lang='lat' dir='ltr'>qua</span> <span class='ocrx_word' id='word_1_169' title='bbox 715 2149 753 2190; x_wconf 83' lang='lat' dir='ltr'>ex</span> <span class='ocrx_word' id='word_1_170' title='bbox 784 2126 908 2191; x_wconf 90' lang='lat' dir='ltr'>duobus</span> <span class='ocrx_word' id='word_1_171' title='bbox 941 2126 1094 2210; x_wconf 81' lang='lat' dir='ltr'>gradibus</span> 
     </span>
     <span class='ocr_line' id='line_1_23' title="bbox 79 2214 1095 2301; baseline -0.005 -19"><span class='ocrx_word' id='word_1_172' title='bbox 79 2216 305 2301; x_wconf 88' lang='lat' dir='ltr'>superioribus</span> <span class='ocrx_word' id='word_1_173' title='bbox 327 2217 532 2281; x_wconf 89' lang='lat' dir='ltr'>retinuerunt</span> <span class='ocrx_word' id='word_1_174' title='bbox 561 2216 678 2293; x_wconf 89' lang='lat' dir='ltr'>multa,</span> <span class='ocrx_word' id='word_1_175' title='bbox 707 2220 739 2279; x_wconf 91' lang='lat' dir='ltr'>et</span> <span class='ocrx_word' id='word_1_176' title='bbox 762 2236 825 2297; x_wconf 92' lang='lat' dir='ltr'>quo</span> <span class='ocrx_word' id='word_1_177' title='bbox 855 2214 1095 2293; x_wconf 89' lang='lat' dir='ltr'>descenderant,</span> 
     </span>
     <span class='ocr_line' id='line_1_24' title="bbox 78 2303 1094 2390; baseline -0.007 -18"><span class='ocrx_word' id='word_1_178' title='bbox 78 2307 130 2372; x_wconf 92' lang='lat' dir='ltr'>ibi</span> <span class='ocrx_word' id='word_1_179' title='bbox 152 2309 380 2390; x_wconf 83' lang='lat' dir='ltr'>processerunt</span> <span class='ocrx_word' id='word_1_180' title='bbox 400 2306 508 2388; x_wconf 87' lang='lat' dir='ltr'>longe,</span> <span class='ocrx_word' id='word_1_181' title='bbox 531 2304 607 2368; x_wconf 91' lang='lat' dir='ltr'>dum</span> <span class='ocrx_word' id='word_1_182' title='bbox 627 2304 666 2367; x_wconf 86' lang='lat' dir='ltr'>ad</span> <span class='ocrx_word' id='word_1_183' title='bbox 686 2325 745 2367; x_wconf 90' lang='lat' dir='ltr'>nos</span> <span class='ocrx_word' id='word_1_184' title='bbox 765 2303 957 2385; x_wconf 86' lang='lat' dir='ltr'>perveniret.</span> <span class='ocrx_word' id='word_1_185' title='bbox 995 2304 1094 2367; x_wconf 87' lang='lat' dir='ltr'>etiam</span> 
     </span>
     <span class='ocr_line' id='line_1_25' title="bbox 76 2391 1096 2477; baseline -0.006 -17"><span class='ocrx_word' id='word_1_186' title='bbox 76 2397 169 2460; x_wconf 60' lang='lat' dir='ltr'>&#39;nunc</span> <span class='ocrx_word' id='word_1_187' title='bbox 199 2395 233 2459; x_wconf 88' lang='lat' dir='ltr'>in</span> <span class='ocrx_word' id='word_1_188' title='bbox 263 2394 343 2460; x_wconf 89' lang='lat' dir='ltr'>locis</span> <span class='ocrx_word' id='word_1_189' title='bbox 372 2393 484 2457; x_wconf 89' lang='lat' dir='ltr'>multis</span> <span class='ocrx_word' id='word_1_190' title='bbox 515 2413 635 2477; x_wconf 85' lang='lat' dir='ltr'>genera</span> <span class='ocrx_word' id='word_1_191' title='bbox 663 2392 823 2475; x_wconf 90' lang='lat' dir='ltr'>pecudum</span> <span class='ocrx_word' id='word_1_192' title='bbox 849 2391 990 2454; x_wconf 87' lang='lat' dir='ltr'>ferarum</span> <span class='ocrx_word' id='word_1_193' title='bbox 1019 2396 1096 2455; x_wconf 89' lang='lat' dir='ltr'>sunt</span> 
     </span>
     <span class='ocr_line' id='line_1_26' title="bbox 36 2478 1096 2569; baseline -0.006 -23"><span class='ocrx_word' id='word_1_194' title='bbox 36 2505 66 2546; x_wconf 76' lang='lat' dir='ltr'>ss</span> <span class='ocrx_word' id='word_1_195' title='bbox 80 2484 220 2569; x_wconf 87' lang='lat' dir='ltr'>aliquot,</span> <span class='ocrx_word' id='word_1_196' title='bbox 243 2483 283 2547; x_wconf 91' lang='lat' dir='ltr'>ab</span> <span class='ocrx_word' id='word_1_197' title='bbox 303 2482 427 2565; x_wconf 82' lang='lat' dir='ltr'>ovibus,</span> <span class='ocrx_word' id='word_1_198' title='bbox 449 2485 487 2544; x_wconf 92' lang='lat' dir='ltr'>ut</span> <span class='ocrx_word' id='word_1_199' title='bbox 505 2483 539 2544; x_wconf 90' lang='lat' dir='ltr'>in</span> <span class='ocrx_word' id='word_1_200' title='bbox 557 2480 709 2565; x_wconf 78' lang='lat' dir='ltr'>Phrygia,</span> <span class='ocrx_word' id='word_1_201' title='bbox 732 2480 788 2544; x_wconf 92' lang='lat' dir='ltr'>ubi</span> <span class='ocrx_word' id='word_1_202' title='bbox 810 2500 926 2563; x_wconf 83' lang='lat' dir='ltr'>greges</span> <span class='ocrx_word' id='word_1_203' title='bbox 945 2478 1096 2542; x_wconf 85' lang='lat' dir='ltr'>videntur</span> 
     </span>
     <span class='ocr_line' id='line_1_27' title="bbox 79 2566 1096 2657; baseline -0.007 -19"><span class='ocrx_word' id='word_1_204' title='bbox 79 2572 268 2657; x_wconf 85' lang='lat' dir='ltr'>conplures,</span> <span class='ocrx_word' id='word_1_205' title='bbox 291 2572 325 2635; x_wconf 90' lang='lat' dir='ltr'>in</span> <span class='ocrx_word' id='word_1_206' title='bbox 345 2569 557 2635; x_wconf 88' lang='lat' dir='ltr'>Samothrace</span> <span class='ocrx_word' id='word_1_207' title='bbox 581 2591 762 2652; x_wconf 87' lang='lat' dir='ltr'>caprarum,</span> <span class='ocrx_word' id='word_1_208' title='bbox 786 2589 864 2650; x_wconf 88' lang='lat' dir='ltr'>quas</span> <span class='ocrx_word' id='word_1_209' title='bbox 884 2566 986 2630; x_wconf 89' lang='lat' dir='ltr'>latine</span> <span class='ocrx_word' id='word_1_210' title='bbox 1005 2570 1096 2631; x_wconf 90' lang='lat' dir='ltr'>rotas</span> 
     </span>
     <span class='ocr_line' id='line_1_28' title="bbox 77 2654 1097 2745; baseline -0.007 -20"><span class='ocrx_word' id='word_1_211' title='bbox 77 2660 261 2745; x_wconf 68' lang='lat' dir='ltr'>appellant.</span> <span class='ocrx_word' id='word_1_212' title='bbox 307 2663 383 2724; x_wconf 88' lang='lat' dir='ltr'>sunt</span> <span class='ocrx_word' id='word_1_213' title='bbox 410 2659 496 2722; x_wconf 93' lang='lat' dir='ltr'>enim</span> <span class='ocrx_word' id='word_1_214' title='bbox 526 2658 561 2722; x_wconf 91' lang='lat' dir='ltr'>in</span> <span class='ocrx_word' id='word_1_215' title='bbox 589 2657 687 2722; x_wconf 89' lang='lat' dir='ltr'>Italia</span> <span class='ocrx_word' id='word_1_216' title='bbox 715 2658 835 2722; x_wconf 89' lang='lat' dir='ltr'>circum</span> <span class='ocrx_word' id='word_1_217' title='bbox 858 2654 1034 2719; x_wconf 86' lang='lat' dir='ltr'>Fiscellum</span> <span class='ocrx_word' id='word_1_218' title='bbox 1064 2659 1097 2719; x_wconf 91' lang='lat' dir='ltr'>et</span> 
     </span>
     <span class='ocr_line' id='line_1_29' title="bbox 78 2744 1097 2829; baseline -0.008 -14"><span class='ocrx_word' id='word_1_219' title='bbox 78 2749 246 2815; x_wconf 80' lang='lat' dir='ltr'>Tetricam</span> <span class='ocrx_word' id='word_1_220' title='bbox 275 2751 401 2812; x_wconf 88' lang='lat' dir='ltr'>montes</span> <span class='ocrx_word' id='word_1_221' title='bbox 429 2748 560 2811; x_wconf 88' lang='lat' dir='ltr'>multae.</span> <span class='ocrx_word' id='word_1_222' title='bbox 605 2747 644 2810; x_wconf 91' lang='lat' dir='ltr'>de</span> <span class='ocrx_word' id='word_1_223' title='bbox 669 2747 768 2810; x_wconf 90' lang='lat' dir='ltr'>subus</span> <span class='ocrx_word' id='word_1_224' title='bbox 796 2744 917 2808; x_wconf 89' lang='lat' dir='ltr'>nemini</span> <span class='ocrx_word' id='word_1_225' title='bbox 939 2746 1097 2829; x_wconf 87' lang='lat' dir='ltr'>ignotum,</span> 
     </span>
    </p>
   </div>
   <div class='ocr_carea' id='block_1_3' title="bbox 77 2955 1099 3310">
    <p class='ocr_par' dir='ltr' id='par_1_3' title="bbox 78 2955 1097 3097">
     <span class='ocr_line' id='line_1_30' title="bbox 78 2955 1097 3027; baseline -0.008 -12"><span class='ocrx_word' id='word_1_226' title='bbox 78 2958 195 3027; x_wconf 62' lang='lat' dir='ltr'>mucci</span> <span class='ocrx_word' id='word_1_227' title='bbox 222 2957 289 3012; x_wconf 72' lang='lat' dir='ltr'>zecri</span> <span class='ocrx_word' id='word_1_228' title='bbox 318 2956 449 3024; x_wconf 75' lang='lat' dir='ltr'>Victorii,</span> <span class='ocrx_word' id='word_1_229' title='bbox 476 2973 609 3025; x_wconf 88' lang='lat' dir='ltr'>pecorum</span> <span class='ocrx_word' id='word_1_230' title='bbox 634 2955 796 3024; x_wconf 67' lang='lat' dir='ltr'>apographo</span> <span class='ocrx_word' id='word_1_231' title='bbox 820 2955 980 3010; x_wconf 79' lang='lat' dir='ltr'>recentiora.</span> <span class='ocrx_word' id='word_1_232' title='bbox 1025 2969 1097 3022; x_wconf 88' lang='lat' dir='ltr'>pecu</span> 
     </span>
     <span class='ocr_line' id='line_1_31' title="bbox 78 3027 850 3097; baseline -0.005 -14"><span class='ocrx_word' id='word_1_233' title='bbox 78 3045 147 3084; x_wconf 84' lang='lat' dir='ltr'>cum</span> <span class='ocrx_word' id='word_1_234' title='bbox 165 3029 349 3097; x_wconf 68' lang='lat' dir='ltr'>rraaeaipto</span> <span class='ocrx_word' id='word_1_235' title='bbox 368 3027 395 3080; x_wconf 88' lang='lat' dir='ltr'>d‘</span> <span class='ocrx_word' id='word_1_236' title='bbox 414 3029 446 3081; x_wconf 80' lang='lat' dir='ltr'>irc</span> <span class='ocrx_word' id='word_1_237' title='bbox 464 3029 610 3096; x_wconf 74' lang='lat' dir='ltr'>archetypo</span> <span class='ocrx_word' id='word_1_238' title='bbox 627 3028 713 3091; x_wconf 76' lang='lat' dir='ltr'>fuisse</span> <span class='ocrx_word' id='word_1_239' title='bbox 731 3027 850 3094; x_wconf 78' lang='lat' dir='ltr'>videtur)</span> 
     </span>
    </p>

    <p class='ocr_par' dir='ltr' id='par_1_4' title="bbox 77 3095 1099 3310">
     <span class='ocr_line' id='line_1_32' title="bbox 172 3095 1099 3168; baseline -0.004 -15"><span class='ocrx_word' id='word_1_240' title='bbox 172 3097 400 3168; x_wconf 77' lang='lat' dir='ltr'>2putauithales</span> <span class='ocrx_word' id='word_1_241' title='bbox 503 3098 665 3165; x_wconf 76' lang='lat' dir='ltr'>scyriaeus</span> <span class='ocrx_word' id='word_1_242' title='bbox 748 3095 820 3150; x_wconf 87' lang='lat' dir='ltr'>6ad</span> <span class='ocrx_word' id='word_1_243' title='bbox 838 3114 947 3152; x_wconf 87' lang='lat' dir='ltr'>summa</span> <span class='ocrx_word' id='word_1_244' title='bbox 1027 3102 1099 3151; x_wconf 85' lang='lat' dir='ltr'>8ex</span> 
     </span>
     <span class='ocr_line' id='line_1_33' title="bbox 77 3166 1098 3238; baseline -0.007 -13"><span class='ocrx_word' id='word_1_245' title='bbox 77 3170 125 3225; x_wconf 88' lang='lat' dir='ltr'>his</span> <span class='ocrx_word' id='word_1_246' title='bbox 145 3172 191 3238; x_wconf 87' lang='lat' dir='ltr'>(ex</span> <span class='ocrx_word' id='word_1_247' title='bbox 209 3169 244 3223; x_wconf 87' lang='lat' dir='ltr'>iis</span> <span class='ocrx_word' id='word_1_248' title='bbox 267 3169 304 3236; x_wconf 88' lang='lat' dir='ltr'>V)</span> <span class='ocrx_word' id='word_1_249' title='bbox 379 3176 412 3223; x_wconf 90' lang='lat'>10</span> <span class='ocrx_word' id='word_1_250' title='bbox 431 3168 523 3237; x_wconf 88' lang='lat' dir='ltr'>adque</span> <span class='ocrx_word' id='word_1_251' title='bbox 593 3175 625 3221; x_wconf 84' lang='lat'>12</span> <span class='ocrx_word' id='word_1_252' title='bbox 646 3167 791 3222; x_wconf 86' lang='lat' dir='ltr'>arbustum</span> <span class='ocrx_word' id='word_1_253' title='bbox 857 3173 890 3220; x_wconf 82' lang='grc'>14</span> <span class='ocrx_word' id='word_1_254' title='bbox 908 3166 1098 3237; x_wconf 86' lang='lat' dir='ltr'>dependerent</span> 
     </span>
     <span class='ocr_line' id='line_1_34' title="bbox 80 3237 910 3310; baseline -0.007 -14"><span class='ocrx_word' id='word_1_255' title='bbox 80 3247 116 3296; x_wconf 86' lang='grc'>16</span> <span class='ocrx_word' id='word_1_256' title='bbox 135 3239 314 3293; x_wconf 79' lang='lat' dir='ltr'>luciditatem</span> <span class='ocrx_word' id='word_1_257' title='bbox 385 3246 420 3294; x_wconf 80' lang='lat'>23</span> <span class='ocrx_word' id='word_1_258' title='bbox 439 3241 475 3292; x_wconf 88' lang='lat' dir='ltr'>ad</span> <span class='ocrx_word' id='word_1_259' title='bbox 494 3239 557 3310; x_wconf 91' lang='lat' dir='ltr'>nos]</span> <span class='ocrx_word' id='word_1_260' title='bbox 579 3255 668 3293; x_wconf 82' lang='lat' dir='ltr'>annus</span> <span class='ocrx_word' id='word_1_261' title='bbox 740 3244 774 3292; x_wconf 75' lang='lat'>25</span> <span class='ocrx_word' id='word_1_262' title='bbox 794 3237 910 3306; x_wconf 86' lang='lat' dir='ltr'>aliquod</span> 
     </span>
    </p>
   </div>
   <div class='ocr_carea' id='block_1_4' title="bbox 77 3413 1098 3629">
    <p class='ocr_par' dir='ltr' id='par_1_5' title="bbox 77 3413 1098 3629">
     <span class='ocr_line' id='line_1_35' title="bbox 173 3413 1097 3485; baseline -0.004 -15"><span class='ocrx_word' id='word_1_263' title='bbox 173 3423 190 3470; x_wconf 87' lang='lat'><strong>6</strong></span> <span class='ocrx_word' id='word_1_264' title='bbox 208 3432 226 3470; x_wconf 82' lang='lat' dir='ltr'>a</span> <span class='ocrx_word' id='word_1_265' title='bbox 244 3433 354 3472; x_wconf 84' lang='lat' dir='ltr'>summa</span> <span class='ocrx_word' id='word_1_266' title='bbox 371 3418 429 3471; x_wconf 84' lang='lat' dir='ltr'>cod.</span> <span class='ocrx_word' id='word_1_267' title='bbox 449 3416 515 3470; x_wconf 86' lang='lat' dir='ltr'>Par.</span> <span class='ocrx_word' id='word_1_268' title='bbox 590 3421 621 3469; x_wconf 92' lang='lat'>11</span> <span class='ocrx_word' id='word_1_269' title='bbox 646 3414 778 3485; x_wconf 84' lang='lat' dir='ltr'>uirgultis</span> <span class='ocrx_word' id='word_1_270' title='bbox 801 3414 976 3482; x_wconf 78' lang='lat' dir='ltr'>decerpendo</span> <span class='ocrx_word' id='word_1_271' title='bbox 994 3413 1097 3467; x_wconf 72' lang='lat' dir='ltr'>Iucun-</span> 
     </span>
     <span class='ocr_line' id='line_1_36' title="bbox 77 3484 1098 3555; baseline -0.011 -8"><span class='ocrx_word' id='word_1_272' title='bbox 77 3491 136 3547; x_wconf 70' lang='lat' dir='ltr'>aas</span> <span class='ocrx_word' id='word_1_273' title='bbox 218 3494 251 3541; x_wconf 75' lang='lat'>12</span> <span class='ocrx_word' id='word_1_274' title='bbox 270 3488 401 3542; x_wconf 81' lang='lat' dir='ltr'>arbatum</span> <span class='ocrx_word' id='word_1_275' title='bbox 419 3487 578 3542; x_wconf 78' lang='lat' dir='ltr'>Politiarruc</span> <span class='ocrx_word' id='word_1_276' title='bbox 669 3493 702 3540; x_wconf 83' lang='lat'>14</span> <span class='ocrx_word' id='word_1_277' title='bbox 721 3485 926 3555; x_wconf 87' lang='lat' dir='ltr'>deprenderent</span> <span class='ocrx_word' id='word_1_278' title='bbox 942 3484 1098 3538; x_wconf 79' lang='lat' dir='ltr'>Beroaldus</span> 
     </span>
     <span class='ocr_line' id='line_1_37' title="bbox 85 3555 944 3629; baseline -0.006 -15"><span class='ocrx_word' id='word_1_279' title='bbox 85 3566 122 3616; x_wconf 79' lang='grc'>16</span> <span class='ocrx_word' id='word_1_280' title='bbox 142 3557 339 3629; x_wconf 76' lang='lat' dir='ltr'>placiditatem</span> <span class='ocrx_word' id='word_1_281' title='bbox 357 3575 373 3613; x_wconf 87' lang='lat' dir='ltr'>o</span> <span class='ocrx_word' id='word_1_282' title='bbox 445 3563 479 3611; x_wconf 76' lang='lat'>23</span> <span class='ocrx_word' id='word_1_283' title='bbox 499 3557 535 3611; x_wconf 87' lang='lat' dir='ltr'>ad</span> <span class='ocrx_word' id='word_1_284' title='bbox 554 3573 604 3612; x_wconf 91' lang='lat' dir='ltr'>nos</span> <span class='ocrx_word' id='word_1_285' title='bbox 622 3556 783 3627; x_wconf 86' lang='lat' dir='ltr'>perueniret</span> <span class='ocrx_word' id='word_1_286' title='bbox 806 3555 944 3609; x_wconf 80' lang='lat' dir='ltr'>Victorius</span> 
     </span>
    </p>
   </div>
   <div class='ocr_carea' id='block_1_5' title="bbox 0 0 1227 3952">
    <p class='ocr_par' dir='ltr' id='par_1_6' title="bbox 0 0 1227 3952">
     <span class='ocr_line' id='line_1_38' title="bbox 0 0 1227 3952; baseline 0 0"><span class='ocrx_word' id='word_1_287' title='bbox 0 0 1227 3952; x_wconf 95' lang='lat' dir='ltr'> </span> 
     </span>
    </p>
   </div>
  </div>
 </body>
</html>
