2430 3952
145 201 209 266 120
272 199 459 255 vraaorrs
477 199 607 254 erravit
626 171 867 254 averrelavri
882 197 949 254 tre.
968 197 995 252 Π
1010 205 1043 254 11

234 345 288 410 Illi
318 345 397 428 hoe,
424 365 527 428 neque
556 344 597 409 ab
625 344 687 410 hoe
711 344 796 428 quod
820 345 962 408 mutaret
984 341 1162 409 Cossinius,

145 438 177 499 et
207 434 304 498 simul
327 433 433 498 vituli
463 434 614 497 libertus·
631 433 666 497 in
692 433 805 497 urbem
836 433 968 497 veniens
991 453 1030 496 ex
1053 432 1162 498 hortis

144 524 323 587 devertitur
347 521 387 586 ed
410 543 470 586 nos
495 524 536 606 et,
559 521 632 607 Ego
657 522 697 585 ad
720 524 752 585 te
775 521 904 605 missus,
926 521 1047 605 inquit,
1070 521 1160 585 ibam

144 612 275 676 domum
299 614 450 694 rogatum
474 609 623 692 nediem
646 610 766 675 festum
785 609 907 674 faceres
925 608 1108 673 breviorem
1128 612 1162 674 et

143 703 269 764 mature
296 698 432 764 venires.
477 698 591 783 Itaque
619 698 813 763 discedimus
841 718 901 780 ego
930 700 963 762 et
986 695 1101 763 Scrofa
1124 699 1190 762 ine

142 788 256 860 hortos
289 787 330 852 ad
362 787 520 869 Vitulum,
552 785 655 872 Niger
688 786 749 867 [in]
783 785 921 850 Turrani
953 790 1076 866 noster,
1108 786 1160 851 illi

142 876 263 960 partim
287 876 428 959 domum,
449 876 569 959 partim
593 876 633 940 ad
655 875 828 940 Menatem.

233 1067 386 1123 l'eosinius
406 1064 554 1136 (cossinius
576 1065 614 1134 V)
664 1071 680 1119 2
700 1082 734 1120 ex
753 1065 841 1120 hartis
886 1072 902 1120 6
921 1065 1028 1136 noster]
1047 1065 1160 1121 inette

144 1145 159 1193 7
182 1138 306 1193 lenatem
330 1180 335 1191 .
359 1137 396 1192 M.
421 1136 546 1192 Terentii
568 1134 703 1190 Varronis
721 1153 813 1191 rerum
831 1136 1001 1190 rusticarum
1020 1136 1092 1192 liber
1115 1153 1160 1192 ee·

143 1209 250 1263 eundus
269 1207 392 1277 explicit.
438 1207 539 1277 incipit
556 1207 590 1262 de
610 1207 744 1262 villaticis
762 1206 939 1276 pastionibus
957 1206 1031 1262 liber
1047 1205 1160 1263 tertius.

232 1392 247 1438 2
276 1402 310 1438 ex
338 1383 426 1438 hortis
454 1401 500 1438 me
605 1391 621 1438 6
648 1383 737 1454 Niger
764 1382 884 1438 Turrani
911 1385 1007 1438 noster
1037 1383 1160 1440 Ursinus

144 1455 341 1511 7Maenetem
364 1455 482 1510 Urairraa
