2430 3952
320 203 452 260 RERVM
472 204 710 262 RVSTICARVM
728 207 794 262 LIB.
810 209 906 265 15-‘1
1077 211 1119 275 21

103 348 166 414 fici.
212 349 248 413 in
269 349 413 414 'collibus
440 351 617 431 humilibus
646 353 783 417 societas
812 354 915 418 maior
939 375 1011 418 cum
1035 377 1120 420 cam-

102 438 207 522 pestri
240 437 349 503 fructu
383 461 478 522 quam
511 462 583 504 oum
616 446 788 524 montano,
820 442 854 506 in
888 443 964 508 altis
998 449 1119 510 contra.

101 529 238 611 propter
260 529 339 593 haee
361 529 427 593 tria
449 528 582 615 fastigia
604 529 727 595 formae
751 530 938 595 discrimina
961 534 1148 615 quaedam5

101 616 188 680 fiunt
220 617 399 696 sationum,
431 617 517 700 quod
550 623 676 703 segetes
709 621 859 685 meliores
892 621 1120 686 existimantur

72 726 176 769 resse
209 710 420 790 campestres,
456 707 571 771 vineae
603 708 754 791 collinae,
796 709 897 773 silvae
933 714 1119 777 montanae.

102 794 294 879 plerumque
316 795 453 860 hiberna
475 796 515 860 iis
540 798 638 877 [esse]
664 797 808 880 meliora,
832 798 887 880 qui
905 799 1017 863 colunt
1034 821 1119 863 cam·

100 883 235 966 pestria,
258 884 343 967 quod
366 888 443 949 tunc
466 888 561 968 prata
581 886 628 950 ibi
645 886 796 969 herbosa,
819 887 946 970 putatio
966 888 1118 952 arborum

100 971 317 1036 tolerabilior:
364 976 477 1038 contra
512 975 639 1038 aestiva
666 975 830 1041 montanis
863 976 944 1041 locis
977 998 1119 1041 commo-

101 1059 209 1143 diora,
241 1062 326 1144 quod
359 1062 406 1126 ibi
438 1066 508 1126 tum
541 1067 575 1127 et
602 1064 757 1147 pabulum
784 1065 937 1147 multum,
970 1065 1055 1148 quod
1085 1066 1120 1128 in

55 1173 85 1213 ro
102 1149 228 1233 campis
253 1153 332 1234 aret,
354 1155 388 1216 et
411 1153 537 1215 cultura
558 1153 714 1217 arborum
733 1154 849 1236 aptior,
872 1153 957 1235 quod
976 1163 1045 1217 tum
1065 1154 1118 1217 hic

99 1237 255 1322 frigidior
284 1261 347 1303 aer.
398 1244 579 1323 campester
610 1241 700 1305 locus
728 1242 756 1306 is
784 1241 912 1320 melior,
946 1242 1002 1326 qui
1028 1246 1147 1307 totus6

100 1327 319 1411 aequabiliter
342 1328 376 1391 in
398 1351 497 1392 unam
519 1333 646 1413 partem
670 1334 792 1415 verget,
816 1352 912 1414 quam
935 1330 964 1394 is
989 1332 1044 1414 qui
1069 1334 1119 1394 est

100 1415 144 1480 ad
172 1415 318 1480 libellam
347 1439 483 1500 aequos,
512 1418 598 1501 quod
620 1417 664 1501 is,
694 1440 767 1482 cum
796 1441 897 1502 aquae
923 1440 990 1483 non
1018 1419 1118 1482 habet

100 1504 282 1589 delapsum,
304 1505 377 1569 fieri
401 1506 486 1570 solet
508 1506 705 1590 uliginosus:
742 1528 779 1571 eo
803 1508 919 1591 magis,
942 1507 1044 1590 siquis
1069 1511 1119 1571 est

54 1615 83 1657 re
100 1594 329 1678 inaequabiliS,
349 1616 386 1660 eo
402 1595 552 1678 deterior,
571 1594 656 1678 quod
675 1596 713 1659 fit
726 1600 860 1679 propter
874 1597 1005 1659 lacunas
1021 1616 1118 1678 aquo·

99 1705 169 1747 sus,
221 1682 302 1747 haec
329 1686 428 1768 atque
456 1683 589 1748 huiusce
617 1683 706 1747 modi
733 1684 798 1747 tria
827 1683 961 1768 fastigia
993 1686 1063 1767 agri
1092 1688 1121 1747 et

99 1771 143 1834 ad
168 1771 337 1836 colendum
362 1772 560 1855 disperiliter
582 1772 704 1836 habent
727 1777 936 1838 momentum.

193 1857 295 1944 Stolo,
319 1859 412 1936 Quod
435 1861 476 1924 ad
499 1861 584 1926 hane
607 1861 747 1926 formam
765 1862 947 1924 naturalem
966 1861 1118 1944 pertinet,
1132 1871 1185 1925 vu

98 1947 141 2012 de
161 1969 200 2012 eo
219 1970 285 2013 non
304 1949 508 2014 incommode
527 1949 608 2015 (lato
627 1951 755 2015 videtur
774 1950 888 2031 dicere,
912 1972 983 2013 cum
1006 1949 1119 2014 scribit

57 2037 263 2121 adoptimum
288 2059 403 2123 agrum
428 2060 507 2120 esse,
531 2039 587 2122 qui
610 2040 670 2102 sub
693 2038 802 2102 radice
825 2038 946 2102 montis
971 2038 1053 2101 situs
1075 2037 1119 2101 eit

98 2133 133 2189 et
153 2129 280 2209 spectet
298 2126 340 2190 ad
359 2127 570 2191 meridianam
590 2128 671 2191 caeli
688 2131 825 2211 partem.
855 2125 982 2191 Subicit
996 2124 1147 2208 Sorofa,2

96 2213 152 2278 De
175 2214 300 2279 formae
329 2216 457 2280 cultura
480 2215 543 2280 hoe
566 2215 651 2298 dico,
678 2237 761 2299 quae
785 2216 892 2298 speeie
915 2216 997 2278 liant
1020 2236 1119 2278 venu-

98 2302 215 2386 stiora,
246 2305 338 2388 sequi
371 2309 408 2367 ut
440 2304 563 2367 maiore
596 2326 722 2387 quoque
749 2305 858 2367 fructu
877 2305 968 2385 sint,
999 2306 1037 2366 ut
1064 2301 1119 2384 qui

97 2391 226 2455 habent
254 2392 400 2475 arbusta,
429 2394 457 2456 si
480 2396 552 2456 sata
575 2393 709 2455 suntin
733 2393 958 2476 quincuncem,
985 2396 1120 2473 propter

58 2499 83 2542 rc
100 2479 233 2545 ordines
252 2483 351 2565 atque
370 2481 546 2545 intervalla
564 2481 699 2544 modica.
727 2480 838 2562 itaque
857 2479 996 2542 maiores
1015 2475 1120 2540 nostri

97 2589 137 2632 ex
163 2590 243 2633 arvo
267 2590 368 2653 aeque
391 2591 513 2655 magno
536 2570 621 2632 male
645 2569 771 2633 consito
795 2571 829 2632 ct
851 2567 958 2630 minus
981 2566 1120 2629 multum

97 2659 132 2721 et
156 2657 266 2721 minus
290 2658 412 2723 bonum
433 2659 600 2722 faciebant
617 2657 729 2721 vinum
750 2661 783 2721 et
801 2655 1009 2736 frumentum,
1034 2653 1121 2737 quod

97 2767 183 2829 quae
214 2747 303 2829 [que]
331 2768 393 2812 suo
422 2746 560 2831 quicque
589 2747 662 2810 loco
690 2749 768 2809 sunt
794 2745 916 2828 posita,
943 2765 982 2806 ea
1013 2744 1120 2805 minus

96 2833 165 2899 loci
178 2839 364 2919 'occupant
392 2838 427 2899 et
453 2835 561 2899 minus
590 2834 694 2899 officit
722 2833 812 2897 aliud
840 2832 896 2897 alii
926 2831 968 2897 ab
992 2831 1060 2895 sole
1084 2850 1120 2893 ac

56 2943 82 2983 ao
96 2923 178 2988 luna
200 2929 236 2987 et
258 2930 366 2989 vento.
405 2923 469 2988 boc
492 2924 570 2988 licet
592 2924 778 2987 coniectura
802 2921 910 2985 videre
933 2941 972 2984 ex
996 2919 1150 3002 aliquot3

190 3102 206 3150 6
226 3095 389 3152 hibernalea
408 3114 470 3152 esse
570 3102 587 3150 8
612 3095 765 3166 montanis]
786 3096 975 3161 montanaque
994 3091 1028 3145 iis
1050 3089 1121 3156 Pol,

95 3167 290 3221 montanaiis
308 3169 505 3223 calmontana
523 3167 568 3222 his
586 3184 682 3238 opoyr.
771 3172 804 3218 10
823 3168 852 3219 et
872 3163 992 3233 cultura]
1011 3178 1045 3215 ac
1064 3160 1121 3214 cul·

94 3239 192 3363 {catapli
219 3238 366 3362 lssdadque
422 3242 451 3294 et
469 3256 520 3294 oro.
576 3245 610 3294 25
625 3240 717 3306 adque
772 3242 806 3290 26
820 3251 939 3305 magno·
953 3235 1067 3301 (magno
1083 3229 1122 3297 V)

193 3325 249 3376 quo

188 3491 205 3540 6
224 3485 346 3541 hiberna
363 3485 400 3540 iie
419 3501 481 3540 esee
500 3491 634 3540 corrector
654 3483 756 3539 codicis
776 3481 935 3536 moremini
1007 3483 1123 3532 tmen-

94 3555 172 3612 tania
191 3557 263 3612 locis
281 3575 309 3612 m
383 3563 417 3612 10
437 3559 468 3611 et
486 3556 598 3611 cultura
615 3555 764 3610 leuandae
