2430 3952
152 173 214 236 158
567 170 753 227 VARRONIS

150 322 183 383 εὴ
201 318 322 403 frigore
340 317 446 381 hieme
465 321 497 381 et
517 320 639 382 aestate
659 318 764 382 calore
782 316 1063 382 vehementissime
1082 317 1164 383 haee

150 411 390 472 commoventur.
436 427 535 470 verno
562 410 709 489 tempore
738 409 771 470 εὴ
802 406 927 477 aestivo
955 405 1022 470 fere
1051 409 1101 471 ter
1128 407 1163 471 in

149 516 258 559 mense
286 494 452 559 mellarius
479 495 637 577 inspicere
665 494 760 558 debet
782 494 1085 578 fumiganslcniter
1109 516 1163 560 eas

149 588 182 646 εὴ
210 584 250 647 ab
279 583 441 667 spurcitiis
469 604 608 668 purgare
638 583 746 646 alvum
774 585 807 647 et
837 582 1028 647 vermiculos
1052 582 1164 648 cicere.

97 676 315 755 18praeterea
342 675 379 735 ut
406 671 643 736 animadvertat
669 692 710 735 ne
738 671 842 755 reguli
869 671 979 755 plures
1003 671 1161 737 existant:
1192 693 1205 736 a

148 761 280 825 inutiles
304 760 389 824 enim
413 761 495 824 fiunt
517 765 650 844 propter
673 759 856 824 seditiones.
903 760 1002 839 [cum]
1032 762 1066 824 εὴ
1095 760 1165 844 qui·

149 849 224 927 dam
252 849 376 933 dicunt,
403 849 469 913 tria
496 869 615 933 genera
642 870 713 912 cum
742 848 808 912 sint
832 847 947 911 ducum
975 847 1009 911 in
1038 848 1164 931 apibus,

148 939 242 1022 niger
264 938 361 1002 ruber
385 936 507 1020 varius,
535 939 572 1000 ut
595 931 941 1017 Menecrates‘soribit,
964 935 1042 1018 duo,
1068 937 1164 1020 niger

149 1030 181 1090 εὴ
209 1026 331 1109 varius,
360 1025 485 1109 quiite
509 1025 637 1110 melior,
663 1029 700 1088 ut
723 1024 874 1108 expediat
896 1024 1059 1107 mellario,
1088 1046 1164 1090 cum

148 1115 211 1178 duo
241 1116 307 1178 sint
333 1113 502 1178 iraeadem
533 1114 620 1195 alvo,
646 1113 826 1178 interficere
848 1112 991 1196 nigrum,
1020 1134 1093 1177 cum
1117 1114 1162 1177 sit
1175 1136 1202 1175 ro

149 1225 221 1267 cum
240 1204 344 1266 altero
363 1221 448 1286 rege,
472 1223 542 1266 esse
561 1201 750 1266 seditiosum
770 1205 803 1265 et
821 1222 1025 1284 corrumpere
1043 1200 1162 1286 alvom,

96 1291 232 1374 raquod
256 1291 348 1374 fuget
371 1295 427 1354 aut
450 1311 523 1355 cum
545 1289 753 1354 multitudine
776 1289 916 1373 fugetur.
962 1289 1001 1353 de
1026 1289 1162 1373 reliquis

148 1379 261 1462 apibus
285 1378 410 1462 optima
433 1381 483 1442 est
511 1401 613 1462 parva
645 1378 734 1442 varia
756 1378 905 1442 rutunda.
950 1376 1003 1441 fur
1026 1377 1083 1461 qui
1105 1399 1161 1443 vo·

148 1467 283 1549 cabitur,
306 1469 346 1532 ab
372 1467 443 1532 aliis
466 1467 567 1550 fucus,
591 1469 642 1531 est
664 1472 734 1530 ater
758 1471 790 1530 et
809 1466 878 1531 lato
898 1468 1018 1531 ventre.
1051 1487 1162 1551 vespa,

148 1577 229 1639 quae
253 1554 497 1619 similitudinem
520 1555 621 1619 habet
643 1555 723 1638 apis,
745 1574 849 1638 neque
872 1554 961 1620 socia
982 1557 1032 1618 est
1051 1555 1160 1638 operis
1174 1575 1200 1617 rs

147 1648 180 1708 et
203 1665 318 1709 nocere
338 1645 421 1708 solet
439 1665 559 1728 morsu,
583 1665 680 1727 quam
699 1664 776 1725 apes
796 1664 815 1706 a
834 1664 868 1706 se
888 1646 1067 1707 secernunt.
1097 1642 1160 1707 hae

147 1733 299 1797 differunt
326 1733 411 1795 inter
439 1753 486 1814 se,
514 1733 590 1816 quia
616 1731 704 1796 ferae
735 1734 768 1794 et
795 1731 918 1795 cicures
944 1735 1029 1795 sunt.
1074 1753 1160 1796 nunc

146 1821 231 1885 feras
251 1821 332 1903 dico,
356 1842 437 1904 quae
455 1821 489 1883 in
508 1820 712 1885 silvestribus
731 1820 811 1884 locis
830 1820 1004 1902 pascitant,
1026 1819 1160 1902 cicures,

146 1909 286 1994 quaein
314 1909 418 1972 cultis.
465 1909 632 1972 silvestres
661 1908 800 1971 minores
830 1910 906 1972 sunt
934 1907 1160 1992 magnitudine

146 2002 179 2062 et
201 1998 335 2080 pilosae,
358 1997 412 2060 sed
437 1996 566 2079 opifices
590 1997 705 2079 magis.
1173 2018 1200 2058 ao

233 2083 273 2147 In
296 2083 432 2148 emendo
456 2087 634 2167 emptorem
659 2084 765 2148 videre
789 2086 932 2168 oportet,
960 2083 1093 2147 valcant
1116 2105 1160 2147 an

93 2173 212 2241 20sint
243 2193 368 2256 aegrae.
420 2173 570 2237 sanitatis
604 2173 707 2257 signa,
740 2173 767 2236 si
800 2177 876 2236 sunt
906 2171 1092 2255 frequentes
1124 2171 1160 2235 in
1197 2184 1200 2189 '

146 2261 292 2325 examine
325 2264 358 2326 et
390 2261 417 2326 si
449 2261 570 2326 nitidae
604 2265 637 2325 et
669 2262 697 2325 si
729 2283 809 2344 opus
842 2260 927 2346 quod
953 2259 1079 2324 faciunt
1108 2263 1160 2324 est

145 2349 314 2433 aequabile
347 2371 384 2414 ac
415 2351 494 2415 leve.
540 2351 646 2414 minus
674 2348 853 2414 valentium
886 2347 993 2433 sigua,
1026 2348 1054 2413 si
1082 2353 1160 2412 sunt

144 2439 268 2520 pilosae
292 2443 325 2503 et
347 2438 512 2522 horridae,
541 2442 578 2502 ut
600 2438 853 2523 pulverulentae,
880 2437 945 2501 niti
968 2435 1078 2520 opifici
1101 2457 1197 2501 sasas

104 2601 108 2607 ¹
144 2531 239 2610 urget
262 2529 404 2610 tempus:
436 2530 505 2591 tum
530 2528 616 2590 enim
640 2530 772 2609 propter
794 2525 940 2590 laborem
963 2527 1159 2608 asperantur
1204 2532 1213 2551 ¹

92 2624 182 2681 21ac
206 2619 415 2679 marcescunt.
451 2616 479 2678 si
498 2615 741 2693 transferendae
761 2618 837 2678 sunt
856 2614 973 2695 [alvos]
999 2614 1033 2677 in
1056 2613 1158 2678 alium

144 2704 260 2780 locum,
283 2703 315 2766 id
339 2703 444 2768 facere
468 2703 641 2788 diligenter
659 2706 789 2786 oportet
807 2706 840 2766 et
858 2706 1015 2785 tempora,
1038 2701 1157 2784 quibus

143 2791 176 2853 id
199 2791 405 2874 potissimum
433 2792 547 2875 facias,
576 2790 895 2856 animadvertendum
919 2793 952 2854 ct
978 2791 1064 2874 loca,
1092 2810 1156 2873 quo

143 2880 335 2962 transferas,
366 2881 482 2946 idonea
513 2879 760 2965 providendum:
798 2883 956 2962 tempora,
988 2881 1026 2941 ut
1055 2897 1155 2943 verno
1169 2899 1197 2940 so

142 3005 333 3013 ——--———-
338 3007 355 3013 .-

233 3071 349 3141 1haec]
368 3070 414 3125 hic
452 3070 582 3125 3leuiter
624 3070 781 3125 9mellaria
819 3076 852 3124 10
866 3071 895 3124 in
910 3085 959 3124 om.
999 3075 1032 3123 13
1047 3069 1157 3138 optima

143 3144 172 3196 εὴ
189 3159 277 3210 parua
340 3147 372 3196 14
391 3145 434 3197 est
453 3142 526 3197 alter
544 3144 587 3196 cst
605 3142 664 3196 lato
720 3147 751 3195 17
772 3141 851 3212 quia]
871 3156 943 3209 quae
1005 3144 1038 3194 18
1058 3138 1107 3208 qui
1125 3140 1156 3194 in

143 3211 319 3266 siluestribus
392 3220 424 3269 18
444 3213 582 3282 pastitant
601 3210 755 3282 (pascitant
777 3211 816 3282 V)
888 3216 923 3265 25
942 3209 1048 3280 opificii

232 3376 319 3427 1haa
343 3373 383 3426 uel
406 3374 475 3426 haec
496 3371 631 3427 (lascarus
703 3377 718 3424 9
741 3369 915 3426 melliariov
988 3375 1021 3423 18
1045 3369 1157 3438 optima

141 3445 475 3569 {gistriffiamiumdm
547 3441 816 3510 matermortua
889 3445 923 3496 18
950 3455 1022 3509 quae
1048 3439 1077 3494 in
1107 3439 1155 3494 ril-
