2430 3952
133 218 138 227 '
168 220 211 283 36
576 220 764 277 VARRONIS

168 387 240 429 ores
262 364 370 429 funde.
407 366 516 450 itaque
536 371 667 449 propter
685 366 745 430 has
766 368 974 452 cognationes
994 367 1181 450 Epiroticae

138 454 309 519 &familiae
334 458 410 518 sunt
433 456 636 518 inlustriores
656 477 694 518 ac
712 456 861 519 cariores.
897 455 1106 520 inliciendam
1126 479 1180 522 vo-

167 543 326 606 luntatem
354 544 592 626 praefectorum
615 544 738 608 honore
762 544 868 628 aliquo
899 545 1059 627 habendo,
1083 550 1117 609 et
1142 547 1199 610 de·

168 632 324 714 operariis
349 633 404 716 qui
427 632 642 716 praestabunt
664 631 757 715 alios,
781 633 1084 697 communicandum
1104 657 1181 718 quc·

168 743 228 802 que
252 741 324 783 oum
343 721 404 804 his,
428 743 511 805 quae
535 721 682 785 facienda
702 721 768 785 sint
792 743 899 804 opera,
923 721 1018 804 quod,
1042 724 1089 785 ita
1109 740 1209 787 cumr

167 810 213 891 fir,
232 808 339 871 minus
359 831 393 872 se
412 813 530 893 putant
545 810 667 893 despici
683 815 779 892 atque
795 812 903 893 aliquo
918 831 1052 894 numero
1067 811 1181 876 haberi

139 905 187 961 7a
210 897 349 963 domino.
396 900 606 963 studiosiores
636 899 675 960 ad
704 920 785 981 opus
809 899 877 962 fieri
905 899 1071 962 liberalius
1095 906 1181 964 trao-

167 985 266 1050 tando
291 990 348 1050 aut
371 987 503 1051 cibariis
528 991 584 1050 aut
606 987 728 1050 vestitu
751 987 892 1070 largiore
917 992 973 1050 aut
991 989 1182 1053 remissione

168 1075 274 1157 operis
307 1077 568 1156 eoncessioneve,
599 1079 636 1138 ut
668 1076 829 1156 peculiare
862 1075 985 1158 aliquid
1017 1076 1051 1139 in
1082 1076 1182 1142 fundo

163 1152 298 1245 pascere
327 1164 436 1246 liceat,
464 1164 596 1227 huiusce
625 1164 712 1226 modi
742 1186 849 1227 rerum
878 1166 966 1245 aliis,
998 1169 1035 1228 nt
1064 1166 1209 1248 quibnsrr

167 1251 242 1333 quid
276 1251 407 1332 gravius
441 1253 483 1316 sit
515 1252 709 1336 imperatum
742 1258 798 1316 aut
826 1253 1086 1317 animadversum
1119 1254 1181 1339 qui,

167 1339 365 1404 consolando
389 1363 500 1404 eorum
524 1343 675 1405 restituat
697 1342 899 1405 voluntatem
923 1363 960 1405 ac
989 1342 1180 1406 benevolen-

166 1429 246 1491 tiam
269 1429 303 1491 in
327 1429 503 1494 dominum.
563 1445 564 1448 ’

105 1529 199 1586 XVIII
258 1515 306 1580 De
325 1518 448 1581 familia
468 1517 550 1582 Cato
570 1518 688 1601 derigit
707 1517 747 1580 ad
767 1518 845 1581 duas
861 1521 976 1599 metas,
998 1518 1037 1582 ad
1057 1523 1181 1584 certum

165 1606 296 1670 modum
321 1608 393 1690 agri
416 1611 449 1670 et
472 1628 574 1690 genus
599 1606 745 1682 sationis
770 1607 914 1670 scribens
939 1607 977 1669 de
996 1607 1128 1672 olivetis
1148 1612 1208 1673 eta

165 1695 270 1757 vineis
293 1698 330 1758 ut
354 1695 432 1759 duas
456 1695 629 1759 formulas:
653 1717 759 1777 unam,
782 1696 815 1757 in
838 1717 900 1778 qua
923 1697 1091 1778 praecipit,
1117 1719 1179 1780 quo

166 1783 261 1846 modo
290 1784 446 1847 olivetum
475 1786 546 1868 agri
574 1784 687 1865 iugera
711 1799 800 1848 cch
833 1784 991 1847 instruere
1022 1789 1180 1867 oporteat

166 1870 244 1935 dicit
273 1871 359 1934 enim
386 1872 419 1935 in
449 1893 485 1936 eo
515 1872 611 1935 modo
639 1871 719 1934 haee
747 1873 909 1955 mancipia
933 1891 1000 1936 xnr
1023 1870 1181 1955 habenda

165 1959 308 2040 vilicum,
326 1961 466 2042 vilieam,
485 1962 649 2043 operarios
670 1979 702 2042 v,
724 1961 879 2024 bubuleos
894 1978 942 2042 111,
967 1963 1180 2046 asinariumr,

166 2047 335 2124 subulcum
355 2067 376 2128 1,
400 2048 576 2130 opilionem
596 2067 618 2111 1.
656 2048 792 2111 alteram
816 2049 989 2113 formulam
1010 2051 1125 2114 scribit
1144 2051 1209 2115 des

165 2135 332 2199 vinearum
360 2137 525 2221 iugeribus
546 2154 578 2218 c,
607 2141 643 2200 ut
670 2138 756 2200 dicat
782 2137 895 2201 haberi
926 2143 1075 2220 oportere
1100 2139 1179 2204 haee

165 2243 213 2288 xv
237 2225 406 2309 mancipia,
429 2226 571 2309 vilicum,
595 2226 731 2309 vilicam,
754 2227 919 2309 operarios
940 2245 973 2305 x,
992 2226 1177 2306 bubulcum,

136 2313 358 2398 2asinarium,
391 2316 569 2380 subulcum.
616 2313 753 2379 Saserna
786 2315 899 2378 scribit
928 2317 1007 2378 satis
1038 2337 1110 2380 esse
1141 2315 1179 2381 ad

165 2403 278 2486 iugera
301 2421 365 2467 VIII
388 2403 553 2467 hominem
577 2426 690 2467 unum:
715 2425 752 2466 ea
777 2403 891 2466 debere
915 2425 986 2466 eum
1007 2404 1179 2468 confodere

166 2491 282 2554 diebus
299 2510 383 2574 XLV,
416 2494 546 2557 tametsi
579 2493 743 2575 quaternis
773 2491 879 2573 operis
910 2492 1042 2575 singula·
1066 2495 1209 2579 iugem

165 2580 283 2663 possit3
304 2581 359 2644 sed
379 2581 560 2665 relinquere
581 2603 613 2642 se
629 2602 748 2662 ‘operas
767 2597 833 2642 xm
852 2581 1038 2661 valetudini,
1056 2587 1178 2667 tempe·

166 2670 258 2749 stati,
282 2669 431 2753 inertiae,
458 2668 683 2751 indiligentiae
708 2667 772 2750 [LJ.
817 2668 934 2731 horum
958 2673 1073 2733 neuter
1097 2670 1178 2735 satis

134 2755 303 2822 3dilucide
332 2758 480 2822 modulos
509 2758 640 2838 reliquit
662 2757 773 2828 nobis,
797 2758 882 2839 quod
907 2754 989 2821 Cato
1015 2757 1042 2820 si
1066 2759 1179 2842 voluit,

167 2844 278 2907 debuit
309 2845 364 2927 sic,
394 2852 431 2908 ut
461 2867 518 2928 pro
549 2844 698 2928 portione
730 2845 769 2908 ad
800 2847 953 2910 maiorem
982 2846 1120 2910 fundum
1149 2850 1181 2911 et

164 2933 322 2995 minorem
353 2934 541 2997 adderemus
572 2939 605 2996 et
635 2934 843 2998 demeremus.
889 2938 1058 3017 praeterea
1087 2939 1209 3000 extre·

164 3020 322 3084 familiam
342 3022 453 3085 debuit
471 3023 575 3086 dicere
594 3022 727 3086 vilicum
746 3027 779 3086 et
797 3022 936 3086 vilicam.
965 3024 1178 3105 nequeenim,

254 3202 269 3248 2
284 3195 453 3249 iniciendam
467 3197 644 3265 uoluptatem
658 3195 841 3264 (iniciendum
856 3195 1033 3265 uoluptatem
1046 3214 1079 3251 ccc
1089 3198 1201 3254 oodioe'·

164 3267 308 3321 adaotaue't
331 3267 480 3335 Victorius)
567 3266 706 3335 9aliqnit
786 3266 974 3335 derelinquit
1047 3268 1071 3321 si
1085 3268 1180 3323 uoluit

164 3340 196 3390 ut
215 3337 314 3391 debuit
332 3338 369 3391 sit
387 3338 565 3407 proportione

253 3503 269 3550 2
288 3496 468 3551 inliciendam
489 3498 516 3551 I.
536 3497 572 3551 F.
588 3498 742 3552 Gronovius
761 3497 836 3566 opud
850 3496 1046 3552 Schneideram
1131 3514 1180 3553 no·

163 3566 300 3622 luntatem
324 3568 462 3622 Victoriae
534 3575 568 3623 28
587 3568 703 3636 reliquit
720 3586 768 3622 mo
