2430 3952
278 215 409 270 RERVM
427 214 664 270 RVSTICARVM
683 216 752 273 LlB.
767 218 778 270 l
794 222 898 271 ea-us
1051 216 1094 281 63

79 361 281 443 exprimatur
309 361 343 424 in
365 352 508 426 ¹eundem
536 362 651 424 lacum.
698 382 782 430 cunr,
799 362 896 425 desiit
920 363 978 425 sub
1003 364 1124 446 pre103

77 448 195 533 fluere,
227 449 358 533 quidam
389 449 619 514 circumcidunt
649 453 792 514 extreme
823 455 855 513 et
884 473 994 514 rursus
1025 474 1094 534 pre·

76 540 175 602 munt
193 541 369 622 et'mrsus
389 560 461 603 cum
480 559 675 622 expressum,
699 539 964 606 circumcisicium
984 542 1093 623 appel-

76 627 153 691 lant
180 648 217 692 aa
241 648 387 691 seorsum
421 627 505 710 quod
539 649 724 711 expressum
755 631 805 692 est
833 632 976 711 servant,
1009 630 1093 712 quod

51 716 197 799 eresipit
225 715 357 780 ferrum.
403 716 547 799 expressi
578 717 743 781 acinorum
772 715 911 780 folliculi
941 717 976 780 in
1007 718 1094 782 dolia

76 805 271 887 coiciuntur,
294 826 397 888 eoque
421 827 504 888 aqua
528 805 669 868 additur:
695 827 733 868 ea
751 809 885 869 vocatur
905 805 983 888 lora,
1008 807 1092 890 quod

74 893 151 959 lota
173 894 274 972 acina,
298 915 335 957 ac
358 915 417 977 pro
441 893 518 957 vino
542 893 698 975 operariis
723 894 818 957 datur
843 894 958 959 hieme.

168 981 218 1045 De
246 982 365 1047 oliveto
395 982 513 1065 oleam,
541 1004 639 1065 quam
668 1004 763 1045 manu
787 985 921 1066 tangere
945 985 1049 1065 possis
1074 999 1148 1053 etv

74 1074 166 1136 terre
195 1092 232 1135 ac
262 1071 370 1149 scalis,
399 1071 507 1155 legere
535 1075 664 1154 oportet
691 1072 800 1153 potius
829 1093 924 1154 quam
951 1075 1092 1155 quatere,

51 1159 165 1244 >quod
196 1181 234 1223 ea
266 1181 347 1243 quae
379 1160 559 1243 vapulavit,
591 1161 761 1223 marcescit
792 1182 851 1224 nee
880 1160 936 1224 dat
962 1164 1091 1225 tanturn

75 1249 151 1313 olei.
189 1269 271 1331 quae
294 1271 393 1313 manu
417 1249 541 1329 stricta,
565 1249 678 1312 melior
702 1270 739 1312 ea
763 1271 846 1332 quae
866 1248 977 1333 digitis
996 1250 1091 1315 nudis

75 1336 288 1417 [laudabilior
306 1337 356 1418 L]‚
380 1359 477 1421 quam
501 1336 559 1400 illa
582 1358 663 1419 quae
688 1359 760 1400 cunr
785 1337 984 1421 digitabulis,
1008 1338 1091 1402 duri·

73 1425 140 1490 ties
165 1426 252 1489 enim
275 1447 386 1490 eorum
411 1426 495 1509 quod
519 1447 584 1490 non
608 1426 714 1489 solum
735 1427 868 1509 stringit
888 1427 1011 1505 bacam,
1035 1427 1121 1491 sedl

72 1515 178 1579 etiam
197 1536 304 1579 ramos
324 1515 432 1598 glubit
450 1536 488 1578 ac
506 1514 660 1597 relinquit
678 1515 717 1577 ad
738 1514 921 1598 gelicidium
941 1520 1090 1581 retectos.

51 1622 161 1687 equae
183 1625 282 1668 manu
308 1604 402 1687 tangi
424 1625 489 1667 non
517 1608 685 1687 poterunt,
713 1603 760 1666 ita
784 1604 876 1685 quati
900 1604 1031 1685 debent,
1055 1608 1091 1668 ut

71 1692 256 1756 harundine
274 1690 383 1775 potius
403 1714 499 1775 quam
519 1693 642 1774 pertica
659 1691 833 1754 feriantur:
857 1694 987 1776 gravior
1006 1694 1090 1756 enirn

71 1780 176 1864 plaga
208 1780 368 1845 medicum
401 1781 536 1863 quaerit.
591 1780 647 1864 qui
675 1781 817 1864 quatiet,
849 1803 889 1844 ne
922 1782 1089 1845 adversam

72 1869 200 1935 caedat.
245 1891 341 1952 saepe
370 1871 456 1932 enim
486 1870 533 1932 ita
563 1891 716 1952 percussa
746 1869 818 1933 olea
848 1891 957 1933 secum
987 1869 1090 1935 defert
1102 1880 1119 1935 3

73 1957 114 2022 de
128 1958 258 2022 ramulo
276 1959 432 2042 plantam,
452 1980 515 2041 quo
534 1957 621 2022 facto
636 1957 777 2021 fructum
794 1959 948 2023 amittunt
967 1960 1089 2042 posteri

51 2047 163 2111 sanni.
208 2068 268 2111 nec
295 2047 375 2111 haec
402 2068 467 2111 non
495 2047 629 2110 minima
653 2068 763 2127 causa,
791 2048 875 2129 quod
900 2049 1021 2111 oliveta
1045 2048 1089 2111 di·

73 2141 155 2200 cant
182 2135 316 2199 alternis
346 2136 439 2199 annis
468 2157 534 2200 non
562 2136 647 2199 ferre
674 2136 798 2199 fructus
823 2142 965 2200 autnon
990 2159 1090 2219 aeque

74 2244 224 2309 magnos.
261 2224 333 2289 olea
353 2230 390 2288 ut
408 2247 471 2288 uva
490 2224 649 2308 peridem
669 2224 792 2287 bivium
812 2224 896 2288 redit
915 2224 948 2288 in
969 2225 1119 2308 villam,t

73 2313 143 2377 alia
166 2312 209 2376 ad
236 2313 344 2376 cibum
367 2314 401 2394 [l.
425 2313 568 2395 edatur],
595 2313 660 2376 alia
688 2318 725 2376 ut
753 2313 930 2395 eliquescat
959 2335 995 2377 ae
1023 2336 1088 2377 nou

73 2402 184 2467 solum
216 2423 334 2485 corpus
369 2403 457 2465 intus
495 2405 620 2485 unguat
655 2400 711 2464 sed
750 2402 848 2465 etiam
881 2402 1090 2467 extrinsecus.

51 2490 187 2575 sitaque
216 2489 382 2553 dominum
410 2492 444 2554 in
471 2491 603 2554 balneas
632 2494 664 2552 et
693 2490 910 2575 guminasium
935 2491 1089 2573 serpiitur.

71 2579 169 2662 haec,
202 2577 241 2643 de
269 2601 334 2663 qne
360 2580 399 2644 fit
426 2580 545 2660 oleum,
578 2581 711 2661 congeri
739 2580 823 2642 solet
851 2581 1026 2643 acervatim
1054 2581 1119 2643 iae

71 2669 142 2733 dies
157 2668 317 2752 ,singulos
339 2668 374 2730 in
396 2669 554 2749 tabulata,
576 2678 613 2731 ut
636 2668 681 2730 ibi
704 2668 909 2731 mediocriter
932 2668 1090 2733 fracescet

72 2779 110 2821 ac
137 2757 266 2840 primns
295 2756 430 2840 quisquc
458 2778 590 2820 acervos
619 2755 807 2820 demittatur
836 2778 893 2839 per
923 2759 1025 2821 serias
1050 2760 1087 2821 au

164 2937 180 2983 1
199 2931 252 2984 sub
270 2931 368 2999 praelo
387 2932 451 2998 (sub
469 2931 550 3000 plero
568 2931 729 2999 apographa
749 2932 910 2997 recentium)
1003 2938 1018 2983 3
1037 2932 1088 2985 eir·

70 3001 279 3056 eumcisicitnm
387 3002 598 3055 tconiciuntur
630 3002 795 3054 ‘coiciuntur
820 3004 876 3055 md,
900 3002 982 3069 Pur)
1057 3010 1089 3055 10

67 3073 209 3128 mucescit
291 3077 324 3126 16
343 3072 390 3140 qui
408 3090 493 3126 manu
575 3079 608 3125 22
627 3072 743 3125 biluiurn
826 3079 861 3125 23
880 3072 916 3125 ad
936 3072 1028 3125 cibun
1050 3074 1086 3126 le·

68 3144 156 3199 datur
242 3149 277 3197 25
295 3144 439 3197 (lominum
458 3154 488 3197 et
506 3144 621 3197 balneae
641 3150 670 3196 et
688 3144 876 3211 gyrninasinu
957 3150 991 3197 22
1010 3161 1084 3197 acer-

67 3214 162 3269 uatim
180 3213 243 3269 dies
313 3221 349 3270 28
368 3214 470 3285 serias]
491 3231 557 3269 sena

160 3354 428 3410 scireumciaitiurn
448 3356 571 3424 Scaliger
633 3362 664 3407 12
685 3355 855 3409 laudabilior
873 3358 1015 3409 delendum
1035 3371 1088 3407 esse

63 3428 218 3483 aduolauit
241 3426 381 3482 Victorius
452 3435 484 3481 15
504 3442 678 3495 quaerisne
699 3444 713 3479 a·
786 3433 819 3479 22
840 3425 980 3479 bini-,mr
1053 3432 1087 3477 23

62 3498 184 3553 leuatur
201 3498 301 3553 delerit
317 3498 441 3569 Sculiper
478 3505 511 3551 22
531 3499 674 3552 domiuum
690 3510 718 3551 e:
732 3498 759 3551 in
777 3500 889 3551 balneas
905 3498 1087 3551 serendam

62 3574 101 3626 28
120 3568 214 3624 seria·
230 3586 248 3623 a
