2430 3952
147 219 211 282 100
562 217 748 272 VARRONIS

145 364 371 428 existimantur
393 363 521 427 facilius
544 384 671 427 macrae
696 363 874 446 concipere.
912 365 1025 426 contra
1047 365 1162 428 tauros

145 452 267 531 duobus
292 453 457 516 mensibus
487 455 561 514 1111
586 451 800 515 admissuram
824 450 925 514 herba
948 454 981 514 et
1003 451 1099 534 palea
1123 474 1162 518 ae

144 540 239 604 faeno
271 540 358 604 facio
389 540 551 622 pleniores
585 543 618 602 et
652 561 670 603 a
705 539 836 603 feminis
866 560 1008 604 secerno.
1055 540 1161 606 habeo

143 632 256 693 tauros
283 628 432 712 totidem,
461 631 540 712 quot
563 628 706 711 Atticus,
737 628 778 691 ad
806 627 956 691 matrices
984 645 1057 691 Lxx
1086 628 1162 714 duo,

143 739 244 781 unum
276 718 474 800 anniculum,
513 718 651 781 alterum
683 716 816 780 bimum.
870 716 950 780 haec
983 717 1160 782 secundum
1188 740 1201 780 5

145 805 225 869 astri
248 810 395 869 exortum
419 807 513 888 facio,
537 805 623 889 quod
647 803 762 869 Graeci
785 809 903 868 vocant
925 806 1032 888 lyron,
1062 805 1161 872 fidem

92 895 259 959 13nostri.
304 898 375 957 tum
406 894 541 977 denique
569 898 681 957 tauros
708 895 742 956 in
766 914 898 978 gregem
920 893 1041 978 redigo.
1088 917 1160 960 mas

144 1004 186 1046 an
204 982 326 1047 femina
346 984 390 1046 sit
408 985 572 1065 concepta,
592 982 754 1066 significat
774 981 929 1045 descensu
943 985 1065 1066 taurus,
1084 1004 1161 1048 cum

142 1071 204 1134 init
224 1072 289 1152 [si]‚
313 1070 407 1154 quod,
427 1071 454 1133 si
473 1093 543 1134 mas
563 1074 622 1152 est,
641 1071 675 1134 in
695 1070 909 1134 dexteriorem
927 1074 1055 1153 partem
1075 1072 1159 1157 abit3

143 1160 171 1223 si
193 1160 323 1241 femina,
346 1160 380 1221 in
405 1159 647 1222 sinisteriorem.
683 1181 738 1222 cur
756 1157 817 1222 hoc
835 1159 902 1241 fiat,
925 1180 982 1222 vos
1001 1158 1159 1242 videritis,
1173 1183 1199 1222 ιο

141 1247 248 1330 inquit
280 1247 373 1330 mihi,
410 1249 465 1330 qui
498 1247 711 1313 Aristotelem
744 1247 861 1331 legitis.
911 1268 978 1311 non
1016 1248 1159 1314 minores

142 1339 271 1417 oportet
293 1336 376 1399 inire
400 1337 519 1419 bimas,
542 1340 578 1399 ut
600 1336 715 1399 trimae
738 1336 882 1419 pariant,
912 1357 950 1399 eo
974 1336 1105 1416 melius,
1131 1339 1159 1402 si

142 1423 338 1506 quadrimae.
384 1425 556 1508 pleraeque
579 1424 711 1507 pariunt
734 1426 768 1486 in
792 1425 901 1488 decem
925 1446 1036 1507 annos,
1061 1447 1158 1508 quae-

142 1513 215 1576 dam
239 1514 339 1576 etiam
362 1513 479 1597 plures.
525 1513 664 1577 maxime
692 1513 843 1576 idoneum
867 1516 994 1596 tempus
1019 1513 1059 1576 ad
1084 1537 1158 1579 con·

141 1600 322 1683 cipiendum
343 1624 361 1664 a
380 1602 524 1685 delphini
544 1607 657 1665 exortu
676 1623 777 1684 usque
797 1601 836 1664 ad
856 1601 923 1664 dies
940 1602 1158 1685 quadraginta
1171 1623 1198 1665 rc

141 1693 197 1753 aut
218 1691 318 1773 paulo
342 1691 425 1773 plus.
463 1712 544 1775 quae
567 1690 654 1753 enim
677 1690 725 1753 111
749 1693 975 1772 conceperunt,
998 1694 1158 1774 tempera-

140 1777 267 1842 tissimo
293 1779 369 1842 anni
392 1783 538 1861 tempore
561 1778 706 1862 pariunt:
739 1799 856 1843 vaccae
880 1778 966 1841 enim
990 1778 1157 1845 mensibus

89 1872 131 1930 14
142 1864 251 1930 decem
276 1871 351 1931 sunt
372 1871 577 1950 praegnates.
614 1865 652 1929 de
677 1866 793 1949 quibus
816 1867 1039 1931 admirandum
1059 1869 1157 1952 scrip·

140 1957 210 2017 tum
243 1955 367 2038 inveni,
405 1956 562 2038 exemptis
595 1955 752 2019 testiculis
788 1955 815 2018 si
846 1955 957 2019 statim
988 1956 1156 2021 admiseris

139 2045 283 2124 taurum,
311 2043 487 2126 concipere.
533 2065 588 2106 eas
611 2044 703 2126 pasci
733 2048 865 2126 oportet
891 2044 969 2108 locis
999 2045 1198 2109 viridibusao

140 2134 173 2194 et
201 2131 340 2214 aquosis.
396 2153 510 2196 cavere
543 2136 671 2215 oportet
702 2154 743 2196 ne
776 2140 832 2196 aut
864 2133 1034 2216 angustius
1070 2138 1158 2198 stent

140 2221 198 2282 aut
219 2219 378 2283 feriantur
402 2224 459 2283 aut
483 2224 685 2285 concurrant.
721 2221 831 2304 itaque
851 2221 938 2303 quod
958 2242 1012 2285 eas
1031 2227 1157 2286 aestate

139 2307 252 2371 tabani
275 2309 437 2373 concitare
462 2310 568 2373 solent
591 2313 624 2373 et
647 2309 803 2373 bestiolae
828 2310 984 2392 quaedam
1011 2309 1156 2374 minutae

140 2396 200 2459 sub
224 2397 325 2461 cauda
348 2397 403 2480 ali,
432 2419 472 2461 ne
496 2397 715 2481 concitentur,
739 2398 839 2479 aliqui
864 2400 969 2461 solent
992 2398 1156 2463 includere

140 2485 271 2568 saeptis.
321 2486 361 2550 iis
392 2486 714 2569 substerni-oportet
743 2485 892 2561 frondem
922 2486 1047 2551 aliudve
1078 2488 1156 2571 quid
1170 2509 1197 2550 11

138 2572 174 2636 in
192 2574 320 2658 cubilia,
339 2595 401 2656 quo
422 2575 550 2638 mollius
570 2576 807 2658 conquiescant.
838 2578 962 2638 aestate
981 2576 1022 2639 ad
1038 2598 1156 2660 aquam

89 2668 128 2724 15
140 2661 365 2744 adpellendum
389 2664 449 2745 bis,
472 2663 577 2726 hieme
597 2664 708 2730 semel.
745 2685 819 2727 cum
837 2685 951 2746 parere
971 2671 1158 2748 coeperunt,

140 2751 316 2814 secundum
347 2753 478 2815 stabula
500 2752 655 2834 pabulum
680 2752 803 2816 servari
827 2755 957 2835 oportet
981 2755 1157 2838 integrum,

230 2947 244 2994 1
263 2942 461 2994 existimantur
480 2943 666 3012 (existimatur
690 2943 731 3012 V)
781 2949 798 2996 4
816 2943 892 3012 quod
910 2943 1013 2998 atticus
1064 2951 1080 2999 8
1100 2943 1156 3000 dis·

140 3029 225 3068 censu
285 3019 317 3065 11
336 3011 436 3081 inquid
491 3013 634 3068 aristolam
653 3014 847 3084 (Aristotelem
870 3015 902 3082 V,
921 3014 1067 3070 aristolam
1085 3031 1156 3070 corr.

140 3083 316 3137 aristotelem
334 3086 366 3138 a'o
384 3085 531 3155 archetypo
549 3087 634 3151 falsae
651 3086 770 3155 uidetur)
860 3092 892 3140 13
912 3087 941 3139 in
960 3087 1057 3140 decem
1076 3087 1156 3140 annis

141 3154 182 3224 (in
200 3155 308 3209 decimo
328 3172 401 3210 anno
426 3155 464 3225 V)
520 3162 552 3210 15
572 3173 589 3210 a
608 3155 717 3225 dulpini
738 3157 865 3211 camortu
921 3163 953 3210 16
974 3157 1157 3226 conciperunt

140 3231 174 3280 20
193 3226 316 3296 taurum]
336 3227 432 3280 statim
493 3227 609 3297 24111]
629 3228 679 3281 alii
751 3233 785 3281 21
806 3227 1006 3296 appellandum

230 3420 428 3474 1311111111
448 3437 534 3474 annos
553 3422 700 3476 1111111111
808 3427 840 3475 15
865 3439 882 3475 a
906 3421 1033 3490 delphini
1057 3424 1156 3478 exortu

142 3491 257 3546 Plinius
279 3498 338 3546 aut.
361 3493 423 3546 hist.
446 3491 534 3544 VIII
551 3496 606 3547 177
678 3497 711 3545 19
735 3492 883 3547 admiseris
908 3496 1021 3547 taurum
1044 3491 1155 3550 Schnei-

140 3563 221 3617 derue
293 3561 579 3632 2‘1appellendumc
