2430 3952
70 185 127 266 44'
490 202 677 258 vnunonrs

72 349 137 412 seri
160 352 310 430 oportere
335 345 406 433 (sed
429 347 491 413 hoc
514 368 618 432 neque
641 347 676 410 in
699 346 849 411 omnibus
872 346 980 411 fundis
1005 369 1093 430 opus

73 441 123 500 est
137 457 249 520 neque,
262 437 296 500 in
311 436 427 519 quibus
443 438 492 500 est
507 458 598 519 opus,
612 438 745 519 propter
758 434 908 500 frondem
922 435 1092 519 maxime),

74 525 142 588 sine
167 526 359 589 detrimento
379 528 543 608 ponuntur
562 547 581 589 a
600 522 861 608 septemtrionali
879 530 982 608 parte,
1002 525 1093 609 quod

73 635 141 677 non
164 612 309 677 officiunt
332 614 404 678 soli.

40 709 60 764 4
160 701 221 765 Ille
246 702 343 766 adicit
366 703 406 766 ab
431 700 543 766 eodem
567 701 740 785 scriptore,
771 702 800 764 si
822 701 912 764 locus
936 703 1089 766 umectus
1118 722 1130 764 ι

73 789 125 872 sit,
148 789 195 852 ibi
218 791 385 854 cacumina
404 791 600 892 populorum
621 790 807 853 serendae
793 788 1092 854 tharundinetum

72 877 105 941 id
120 879 209 961 prius
224 879 347 961 bipalio
363 885 433 943 vert
434 880 453 960 i,
420 878 514 942 tibi
529 879 639 942 oculos
654 875 844 942 harundinis
859 876 958 961 pedes
973 881 1090 944 ternos

73 966 172 1030 alium
196 966 236 1030 ab
261 967 325 1030 alio
350 967 422 1050 seri,
445 989 463 1028 ιι
487 972 598 1057 aptam
622 988 692 1030 esse
715 966 845 1050 utrique
865 967 1000 1029 eandem
1019 965 1091 1031 fere

73 1055 139 1119 cult
125 1059 240 1120 turam.
278 1056 409 1118 salicem
429 1075 579 1139 graecam
603 1055 721 1118 circum
745 1054 999 1118 harundinetum
1024 1056 1092 1120 seri

8 1157 86 1212 XXV
98 1148 255 1226 oportere,
279 1144 327 1206 uti
351 1145 393 1206 sit
417 1145 471 1226 qui
496 1143 571 1206 vitis
597 1144 726 1228 alligari
750 1143 863 1226 possit.
910 1143 1005 1207 vinea
1024 1165 1090 1230 quo
1106 1166 1130 1205 ιι

73 1232 108 1294 in
133 1253 211 1315 agro
237 1230 454 1314 serenda'sit,
477 1233 523 1295 sic
547 1232 793 1296 observandum.
838 1231 894 1314 qui
917 1231 1008 1296 locus
1032 1253 1091 1316 op·
1122 1264 1124 1270 ·

73 1320 173 1382 timus
196 1319 272 1383 vino
292 1320 334 1383 sit
353 1323 386 1383 et
405 1324 553 1383 ostentus
573 1321 644 1399 soli,
667 1321 852 1384 aminneum
871 1319 1090 1384 minusculum

74 1410 107 1471 et
125 1407 292 1491 geminum
312 1429 501 1492 eugeneum,
519 1409 663 1472 helvium
679 1408 894 1472 minusculum
909 1407 974 1472 seri
992 1430 1090 1492 opor·

74 1503 152 1560 tere.
199 1497 254 1580 qui
278 1497 367 1560 locus
391 1499 531 1561 crassior
554 1497 597 1562 sit
620 1502 677 1561 aut
700 1497 887 1579 nebulosus,
916 1496 963 1560 ibi
988 1498 1092 1562 amin-

73 1606 171 1648 neum
194 1584 298 1648 maius
319 1589 376 1649 aut
394 1586 645 1670 murgentinum,
669 1586 818 1668 apicinm,
840 1587 991 1649 lucanum
1012 1586 1088 1650 seri.
1104 1606 1129 1649 ιι

74 1676 196 1736 ceteras
225 1674 321 1757 vites,
354 1678 387 1738 et
414 1675 452 1738 de
480 1676 521 1738 iis
549 1674 710 1738 miscellas
739 1675 893 1754 maxime,
930 1674 964 1737 in
992 1695 1091 1739 omne

0 1774 198 1844 uxvlgenus
223 1763 293 1844 agri
316 1764 495 1827 convenire.
541 1763 576 1826 in
604 1762 693 1825 omni
716 1763 812 1826 vinea
835 1762 1010 1844 diligenter
1033 1764 1091 1827 ob-

74 1853 204 1912 servant
228 1853 265 1912 ut
288 1851 389 1915 ridica
413 1852 488 1914 vitis
513 1851 553 1914 ad
577 1851 841 1933 septemtrionem
865 1872 976 1915 versus
996 1854 1090 1934 tega-

73 1940 140 2020 tur3
178 1951 210 2000 et
234 1938 261 2000 si
285 1959 455 2020 cupressos
479 1940 582 2020 vivas,
611 1951 670 2021 pro
693 1938 802 2002 ridicis
826 1960 908 2022 quas
930 1940 1089 2022 inserunt,

74 2026 216 2088 alternos
245 2026 375 2089 ordines
405 2027 579 2110 inponunt,
606 2048 710 2109 neque
739 2048 794 2091 eos
822 2049 965 2091 crescere
988 2028 1128 2092 altiusro

75 2135 172 2196 quam
192 2113 309 2177 ridicas
328 2114 505 2198 patiantur,
528 2137 632 2198 neque
650 2121 784 2199 propter
804 2138 858 2180 eos
882 2121 919 2179 ut
937 2115 1092 2182 adserunt

75 2202 166 2284 vites,
191 2202 276 2284 quod
300 2203 384 2265 inter
408 2224 442 2266 se
466 2203 545 2268 haec
563 2204 703 2268 inimica.

163 2290 284 2372 Agrius
308 2289 486 2374 Fundanio,
508 2291 641 2377 Vereor,
663 2292 777 2376 inquit,
800 2314 842 2356 ne
866 2295 941 2356 ante
964 2293 1090 2358 aeditu-

75 2400 146 2441 mus
169 2377 282 2442 veniat
302 2379 374 2462 huc,
398 2402 495 2464 quam
519 2381 571 2444 hic
595 2382 635 2444 ad
659 2387 812 2464 quartum
828 2385 880 2445 act
882 2403 945 2446 um.
980 2381 1089 2447 vinde-

75 2468 174 2530 miam
204 2468 290 2530 enim
320 2474 462 2552 expecto.
507 2469 600 2534 Bono
629 2471 737 2533 animo
762 2491 808 2551 es,
837 2470 943 2570 inquit
966 2469 1090 2556 Scrofa,
1104 2490 1129 2533 ιι

7 2568 111 2623 XXVII
122 2578 159 2620 ac
181 2556 312 2620 fiscinas
337 2558 451 2641 expedi
475 2562 508 2623 et
530 2580 654 2621 urnam.
706 2561 739 2620 ct
762 2557 916 2640 quoniam
940 2561 1090 2643 tempora

75 2644 211 2708 duorum
232 2665 387 2728 generum
407 2650 492 2729 sunt,
510 2668 609 2709 unum
628 2646 754 2729 annale,
778 2646 863 2728 quod
882 2646 977 2710 sol'
951 2647 1066 2711 circuit
1067 2670 1090 2712 u

76 2753 133 2794 suo
157 2732 239 2814 finit,
270 2733 409 2797 alterum
432 2737 650 2816 menstruum,
678 2733 763 2817 quod
791 2736 868 2798 luna
896 2736 1088 2800 circumiens

75 2821 274 2901 conprendit,
297 2821 386 2904 prius
411 2822 516 2885 dicem
541 2821 578 2885 de
603 2822 680 2886 sole.
726 2823 794 2887 eius
824 2844 936 2887 cursus
960 2824 1089 2888 annalis

165 2974 305 3045 7bipallo
364 2976 489 3031 8altum
509 2976 607 3047 (alium
632 2978 671 3045 V)
731 2977 831 3032 eadem
897 2985 929 3032 13
949 2977 1089 3052 helvium]

74 3043 203 3099 helutum
265 3051 298 3099 16
317 3047 389 3101 de''
370 3065 406 3101 ns
426 3048 472 3117 (de
490 3047 534 3103 his
559 3048 599 3116 V)
664 3055 729 3103 181
749 3049 939 3119 septentrione
1002 3055 1035 3103 21
1055 3055 1090 3104 ut

74 3114 208 3170 adserunt
280 3123 314 3171 23
333 3118 484 3173 aeditimus
552 3125 586 3174 29
606 3120 783 3190 comprendit
799 3120 1025 3190 (comprehendit
1049 3121 1089 3190 V)

164 3256 339 3340 tbipalioc
434 3261 519 3328 pedes
542 3263 638 3315 ternos
662 3261 750 3315 alium
772 3262 807 3316 ab
834 3260 890 3317 alio
915 3263 1011 3317 serito.
1048 3261 1090 3316 ibi

74 3329 221 3382 corrudam
248 3328 347 3398 serito,
375 3331 448 3384 unde
476 3331 610 3401 asparagi
634 3331 713 3387 fiant.
751 3349 817 3386 nam
836 3332 968 3388 convenit
956 3333 1090 3387 t-hurnn

74 3399 201 3453 dinetum
220 3417 283 3453 cum
302 3372 420 3455 coiruda
440 3400 589 3469 011016,
608 3408 626 3457 3
707 3403 896 3458 8eandemv
977 3409 1009 3458 13
1029 3404 1089 3459 hel-

73 3469 150 3523 vium
173 3471 287 3526 Plinius
308 3472 640 3542 111111111117146
742 3479 775 3528 18
803 3474 840 3529 ad
868 3475 1090 3545 septentrionem

73 3555 171 3596 uersus
189 3559 216 3596 m
