2430 3952
267 226 397 282 RERVM
416 223 913 280 RVSTIGARVMLIB.IH12-14
1032 223 1093 287 151

82 371 170 455 quod
207 392 281 434 eum
314 370 424 434 Aeolis
464 371 510 450 [et
542 370 676 450 bonum]
710 366 846 454 λέποριν
878 368 1097 451 appellabant.

81 459 222 524 cuniculi
256 458 333 522 dicti
366 458 406 522 ab
440 479 487 541 eo,
518 458 603 541 quod
637 458 695 522 sub
729 463 816 522 terra
848 456 1011 521 cuniculos
1033 456 1097 538 ipsi

81 547 189 612 facere
218 547 336 631 solent,
363 547 420 611 ubi
447 546 573 610 lateant
599 547 632 609 in
660 545 758 631 agris.
807 546 923 610 horum
952 544 1126 609 omnium?

80 637 148 700 tria
180 657 308 720 genera,
340 635 368 699 si
402 635 518 717 possis,
549 635 582 697 in
615 634 776 716 leporario
808 633 927 698 habere
958 637 1096 716 oportet.

50 724 148 792 sduo
173 723 301 807 quidem
329 724 441 806 utique
464 727 497 786 te
520 722 640 786 habere
663 726 757 806 puto,
787 721 847 804 [et]
872 720 957 805 quod
979 721 1014 785 in
1038 720 1097 785 Hi·

82 811 198 896 spania
226 813 320 875 annis
348 812 395 875 ita
422 811 513 874 fuisti
542 811 666 893 multis,
698 815 734 874 ut
762 811 836 873 inde
864 814 897 873 te
930 810 1096 873 cuniculos

81 905 270 985 persecutos
294 900 430 964 credam.

173 987 280 1072 Apros
318 988 446 1071 quidem
482 1009 577 1071 posse
613 986 727 1051 haberi
764 987 799 1050 in
838 986 999 1069 leporario
1035 999 1170 1054 necXIII

83 1097 204 1161 magno
227 1076 360 1161 negotio
383 1077 429 1140 ibi
453 1080 485 1139 et
509 1077 654 1160 captivos
679 1079 711 1139 et
735 1074 860 1157 cicuris,
884 1074 938 1159 qui
962 1074 1009 1138 ibi
1028 1074 1097 1137 nati

38 1196 69 1234 ιο
84 1165 160 1248 sint,
183 1165 321 1249 pingues
346 1165 448 1228 solere
471 1164 541 1227 lieri
564 1165 635 1241 sois,
657 1164 773 1247 inquit,
797 1163 869 1227 Axi.
905 1184 981 1226 nam
1001 1184 1097 1246 quem

82 1253 218 1317 fundum
242 1255 275 1316 in
299 1252 480 1317 Tusculano
504 1252 583 1315 emit
606 1252 659 1315 hic
682 1251 786 1316 Varro
811 1274 830 1315 a
852 1250 895 1316 M.
918 1250 1021 1335 Pupio
1045 1250 1097 1314 Pi·

83 1363 172 1424 sone,
194 1341 306 1405 vidisti
329 1340 369 1404 ad
391 1340 543 1405 bucinam
565 1340 712 1403 inflatam
731 1344 818 1404 certo
837 1344 983 1422 tempore
1002 1359 1097 1422 apros

83 1433 118 1493 et
145 1451 278 1512 capreas
307 1429 477 1493 convenire
507 1428 547 1491 ad
570 1428 738 1510 pabulum,
767 1449 840 1490 cum
871 1450 909 1490 ex
933 1428 1098 1510 superiore

82 1519 157 1583 loco
181 1539 197 1580 e
220 1519 384 1601 palaestra
401 1517 494 1600 apris
517 1517 734 1580 effunderetur
757 1516 844 1599 glas,
869 1515 992 1597 capreis
1015 1516 1098 1578 vicia

39 1634 68 1676 15
84 1609 143 1671 aut
165 1604 242 1690 quid
265 1606 354 1669 aliut.
382 1605 455 1689 Ego
478 1626 565 1688 vcr0,
588 1604 694 1688 inquit
712 1604 775 1688 ille,
799 1603 883 1686 apud
903 1603 939 1678 Q.
958 1601 1128 1669 Horten-2

84 1694 169 1758 sium
198 1716 269 1758 cum
297 1694 332 1757 in
360 1714 438 1778 agro
467 1693 621 1757 Laurenti
649 1714 767 1776 essem,
798 1684 845 1756 ibi
879 1691 963 1754 istuc
992 1691 1098 1774 magis

82 1788 253 1867 θρᾳκικῶς
276 1782 346 1847 fieri
368 1782 443 1845 vidi.
480 1804 552 1845 nam
579 1781 662 1844 silva
685 1783 764 1863 erat,
788 1785 824 1844 ut
842 1779 977 1861 dicebat,
1001 1800 1100 1862 supra

84 1871 321 1955 quinquaginta
348 1871 497 1955 iugerum
525 1870 664 1934 maceria
693 1873 818 1952 saepta,
849 1867 934 1953 quod
961 1888 1027 1930 non
1055 1868 1099 1931 le-

84 1960 260 2048 porarium,
279 1958 335 2022 sed
353 1958 613 2041 therotrophium
632 1958 826 2042 appellabat.
855 1957 901 2020 ibi
921 1959 990 2020 erat
1007 1955 1099 2020 locus

41 2079 70 2118 20
86 2046 241 2124 excelsus,
263 2047 320 2110 ubi
343 2047 498 2111 tricilinio
521 2048 630 2130 posito
654 2047 863 2130 cenabamus,
886 2066 950 2129 quo
969 2042 1129 2127 Orphea3

85 2135 196 2200 vocari
223 2136 327 2200 iussit.
374 2135 523 2217 quicum
547 2156 585 2199 eo
613 2135 754 2199 venisset
782 2157 854 2199 cum
882 2133 969 2197 stola
998 2137 1029 2196 et
1057 2133 1100 2197 ci·

85 2223 182 2287 thara
212 2227 342 2287 cantare
370 2227 456 2287 esset
483 2223 604 2305 iussus,
634 2223 752 2286 bucina
780 2223 920 2305 inflavit,
947 2225 985 2284 ut
1008 2225 1101 2285 tanta

87 2312 337 2376 circumfinxerit
373 2333 433 2376 nos
474 2331 641 2374 cervorum
674 2332 825 2393 aprorum
858 2313 890 2372 et
921 2312 1102 2374 ceterarum

88 2400 320 2483 quadripedum
345 2399 528 2482 multitudo,
551 2403 587 2462 ut
610 2420 676 2463 non
698 2399 804 2461 miuus
823 2397 1002 2460 formosum
1021 2395 1102 2459 mihi

44 2518 72 2559 ss
87 2489 194 2554 visum
225 2489 268 2552 sit
296 2490 529 2571 spectaculum,
560 2509 658 2571 quam
684 2486 719 2550 in
742 2487 826 2550 circo
851 2486 991 2548 maximo
1017 2484 1101 2547 aedi-

87 2578 168 2641 lium
193 2577 261 2640 sine
285 2575 448 2640 Africanis
474 2576 587 2640 bestiis
611 2597 684 2639 cum
707 2575 792 2638 fiunt
814 2573 1012 2637 venationes.

178 2664 290 2747 AxiuS,
312 2665 399 2729 Tuas
420 2668 540 2748 partes,
563 2664 681 2748 inquit,
711 2662 893 2727 sublevavit
917 2659 1058 2742 Appiae,
1082 2674 1175 2733 ox1v

89 2752 214 2817 Merula
235 2756 354 2815 noster.
401 2751 486 2836 quod
505 2752 545 2815 ad
563 2753 771 2816 venationem
789 2750 938 2833 pertinet,
961 2748 1103 2813 breviter

182 2940 342 3012 lls‘nopw]
363 2942 490 3010 leporum
562 2941 702 2996 8habere
762 2947 795 2995 10
813 2940 928 3010 inquam
984 2946 1018 2994 14
1036 2940 1104 2995 effu·

90 3016 202 3068 deretur
226 3013 296 3081 Por,
325 3012 512 3066 effunderetur
540 3012 606 3066 libri
631 3029 718 3067 rnauu
743 3013 841 3081 scripti
913 3011 1004 3081 capris
1033 3009 1105 3065 uitia

92 3093 125 3139 16
144 3084 360 3155 magistragicos
407 3088 440 3136 19
459 3081 643 3152 appellabant
687 3089 721 3136 20
740 3083 808 3153 quo]
828 3083 903 3151 quod
949 3087 982 3137 22
1002 3081 1105 3136 bucina

90 3157 231 3225 (bucinam
252 3155 321 3222 Pu,
340 3154 444 3209 bucina
462 3154 568 3224 upoyr.)
619 3155 728 3207 tantum
779 3159 813 3208 27
833 3154 933 3223 appius
951 3151 1044 3222 (apina
1064 3152 1103 3220 V)

182 3356 195 3404 1
217 3353 245 3405 et
264 3351 367 3404 bonum
386 3350 483 3406 deleuit
496 3349 681 3416 Zohlfeldtius
694 3354 796 3419 quaest.
812 3349 872 3403 crit
887 3348 919 3401 a'u
936 3345 1016 3399 Verr.
1030 3361 1056 3412 p.
1066 3349 1106 3399 26

92 3428 107 3475 1
137 3421 250 3491 λέποριν
277 3422 422 3476 Iucuudus
495 3425 511 3473 5
540 3425 569 3475 et
596 3422 693 3475 deleuit
714 3420 896 3474 Schucidcrus
967 3421 983 3469 8
1007 3414 1106 3469 haberi

97 3492 214 3548 Ursinus
265 3500 298 3547 14
317 3490 422 3560 capreis
441 3491 516 3545 uicia
535 3492 681 3546 Iucundos
728 3496 760 3544 19
780 3487 945 3558 appellabat
961 3486 1107 3541 Iucundus

93 3569 127 3617 22
146 3564 195 3619 ubi
212 3564 294 3619 tanta
313 3561 497 3618 circumfluxit
514 3562 659 3617 Iucundus
