2430 3952
292 222 423 278 RERVM
440 223 676 279 RVSTICARVM
696 224 763 278 LIB.
779 231 886 279 23-24
1046 225 1090 289 43

75 389 167 434 seras
191 390 229 433 ao
253 369 340 433 colas
364 369 479 433 silvam
504 369 668 451 caeduam,
693 370 758 434 alio
777 370 834 433 ubi
853 392 1020 454 aucupare,
1044 371 1120 436 sic6

74 457 135 521 ubi
157 458 343 541 cannabim,
370 458 488 541 linum,
514 458 659 539 iuncum,
690 462 850 540 spartum,
874 459 956 522 unde
979 463 1089 523 nectas

74 545 182 610 bubus
214 546 336 630 soleas,
372 546 490 629 lineas,
526 545 638 628 restis,
670 545 772 610 funes.
828 547 986 630 quaedam
1018 549 1090 612 loca

74 635 190 699 eadem
218 635 282 698 alia
315 635 354 698 ad
379 635 547 720 serendum
571 634 697 698 idonea.
740 656 817 699 nam
841 636 931 699 etin
953 637 1091 699 recenti-

45 722 137 787 abus
161 723 317 807 pomariis
342 723 464 787 dissitis
488 722 663 787 seminibus
687 723 720 785 in
746 724 955 808 ordinemque
980 725 1090 788 arbus-

75 811 159 876 culis
187 813 304 895 positis
333 811 449 894 primis
478 812 587 895 annis,
614 814 788 895 antequam
811 813 934 877 radices
957 813 1089 896 longius

74 901 251 984 procedere
283 901 429 983 possint,
461 900 519 964 alii
551 906 727 964 conserunt
758 900 885 978 hortos,
923 901 979 965 alii
1012 903 1088 984 quid

76 989 174 1070 aliud,
197 1009 301 1072 neque
325 1011 398 1053 cum
422 988 654 1053 convaluerunt
677 989 824 1067 etheree,
848 989 934 1053 idem
957 991 1089 1074 faciunt,

74 1099 118 1141 ne
140 1077 264 1141 violent
285 1079 417 1141 radices.
930 1113 935 1120 ·

33 1188 62 1227 ro
168 1163 276 1247 Stolo,
307 1164 399 1240 Quod
431 1166 470 1229 ad
498 1165 579 1251 haec
607 1166 760 1250 pertinet,
795 1165 876 1231 Cato
900 1189 965 1231 non
996 1168 1119 1249 male?

75 1253 162 1338 quod
183 1254 295 1318 scribit
314 1254 352 1317 de
372 1255 563 1336 sationibus,
583 1275 661 1337 ager
679 1275 807 1318 crassus
828 1259 860 1318 et
878 1256 984 1320 laetus
1003 1255 1031 1319 si
1047 1257 1090 1319 sit

76 1345 147 1406 sino
162 1342 342 1425 arboribus,
364 1364 436 1406 eum
451 1364 566 1427 agrum
580 1342 829 1406 frumentarium
843 1345 912 1407 fieri
926 1349 1089 1429 oportere3

75 1432 163 1495 idem
186 1451 263 1514 ager
286 1432 314 1495 si
341 1432 517 1495 nebulosus
541 1431 596 1514 sit,
624 1453 720 1514 rapa,
747 1433 925 1514 raphanos,
953 1433 1089 1513 milium,

75 1519 244 1604 panicum3
266 1521 298 1583 in
314 1540 393 1604 agro
409 1541 517 1583 crasso
533 1523 565 1583 et
585 1519 688 1583 calido
707 1521 812 1583 oleam
831 1521 1065 1598 conditoneam,
1074 1534 1166 1588 XXIV

32 1629 61 1670 15
75 1609 203 1672 radium
221 1607 386 1690 maiorem,
405 1609 622 1691 Sallentinum,
640 1609 784 1685 orcitem,
804 1630 946 1690 poscam,
970 1609 1089 1692 sergia-

75 1719 168 1778 nam,
191 1696 393 1775 colminiam,
417 1697 603 1778 albicerem,
632 1718 728 1780 quam
753 1717 862 1759 earum
887 1697 921 1760 in
944 1698 984 1760 iis
1007 1699 1088 1761 locis

76 1785 236 1868 optimam
251 1786 362 1849 dicant
375 1807 455 1868 esse,
470 1807 541 1849 eam
556 1786 694 1848 maxime
710 1805 822 1849 serere.
845 1806 958 1870 agrum
969 1786 1088 1850 oliveto

75 1873 287 1954 conserendo,
314 1873 379 1936 nisi
407 1875 462 1957 qui
489 1874 523 1937 in
551 1878 683 1937 ventum
712 1874 878 1938 favonium
907 1878 1030 1957 spectet
1057 1878 1090 1937 et

76 1961 141 2026 soli
164 1965 310 2026 ostentus
334 1963 386 2045 sit,
409 1963 508 2025 alium
530 1962 651 2026 bonum
679 1964 799 2025 nullum
820 1984 900 2027 esse.
937 1965 992 2046 qui
1012 1971 1119 2045 ager2

33 2072 62 2112 ao
76 2049 229 2135 frigidior
242 2055 275 2115 εὴ
290 2051 428 2114 macrior
448 2051 499 2132 sit,
517 2051 562 2114 ibi
582 2050 686 2114 oleam
706 2051 891 2115 licinianam
911 2051 975 2114 seri
995 2073 1088 2133 opor-

75 2143 155 2203 tere.
202 2139 228 2202 si
256 2140 289 2203 in
317 2138 388 2203 loco
416 2160 525 2203 crasso
554 2142 610 2202 aut
639 2139 740 2202 calido
769 2140 932 2222 posueris,
957 2140 1088 2203 hostum

75 2248 217 2311 nequam
246 2227 317 2290 fieri
346 2232 377 2290 et
409 2228 466 2308 [ei]
490 2228 621 2291 ferendo
646 2228 795 2291 arborem
819 2228 924 2310 perire
948 2233 981 2291 et
1003 2250 1089 2290 mus-

76 2337 152 2380 cum
174 2316 307 2379 rubrum
332 2315 505 2379 molestum
529 2338 609 2380 esse.
645 2316 776 2380 hostum
801 2321 920 2380 vocant
942 2317 1028 2400 quod
1051 2324 1119 2381 ex3

77 2425 144 2468 uno
167 2403 255 2469 facto
279 2404 341 2468 olei
360 2405 511 2468 reficitur.
549 2404 671 2467 factum
691 2404 802 2467 dicunt
821 2404 905 2486 quod
924 2426 989 2468 uno
1009 2408 1089 2466 tem-

34 2513 157 2576 aapore
181 2493 372 2575 conficiunt,
402 2515 496 2576 quem
522 2493 577 2556 alii
601 2510 667 2556 cnx
691 2493 782 2555 aiunt
805 2513 875 2555 asse
900 2492 1090 2575 modiorum,

77 2580 136 2645 alii
160 2580 207 2644 ita
230 2583 336 2645 minus
361 2602 525 2666 magnum,
547 2585 584 2644 ut
607 2580 647 2643 ad
671 2598 740 2645 cxx
764 2579 947 2662 descendat,
976 2580 1089 2643 exinde

76 2673 116 2734 ut
137 2691 218 2733 vasa
241 2670 364 2733 olearia
387 2673 466 2753 quot
490 2677 523 2732 et
546 2673 666 2752 quanta
689 2669 845 2752 habeant,
873 2669 990 2752 quibus
1015 2690 1090 2753 con·

76 2757 192 2821 ficiunt
210 2757 295 2822 illut.
341 2758 426 2841 quod
452 2756 533 2822 Cato
557 2757 604 2821 ait
628 2758 746 2822 circum
769 2757 904 2821 fundum
928 2759 1033 2821 ulmos
1058 2761 1091 2820 et

76 2846 230 2930 populos,
259 2845 342 2909 unde
370 2846 438 2910 fros
467 2847 581 2910 ovibus
611 2852 643 2910 et
674 2847 779 2910 bubus
803 2848 847 2911 sit
870 2851 903 2910 et
926 2847 1090 2929 materies,

137 3039 139 3043 ⁴
168 3042 182 3090 1
204 3053 343 3106 aucupare
398 3043 413 3090 2
434 3037 583 3091 cannabim
598 3039 724 3107 plurima
738 3039 909 3107 opopropha,
923 3035 1053 3091 canabim
1066 3035 1093 3089 V

76 3107 218 3180 eculeos]
238 3110 334 3178 paleas
416 3106 583 3163 4idoneam
665 3108 813 3162 adessitis
896 3115 929 3163 10
949 3107 1090 3177 pertinent

77 3184 112 3233 17
130 3196 201 3247 agro
290 3184 323 3234 27
347 3195 397 3231 uas
422 3179 526 3233 olearia
546 3182 631 3247 (uasa
654 3180 759 3233 olearia
782 3178 847 3232 Vct
865 3181 1002 3233 monella
1024 3194 1090 3246 apo-

74 3253 194 3320 propbo)
267 3250 396 3304 cosroes
489 3290 494 3299 .

169 3431 342 3496 laucupere
368 3426 503 3481 Gesneros
593 3433 608 3479 3
633 3426 722 3480 soleas
747 3427 876 3480 Bodaeas
899 3426 930 3479 ia
955 3425 1089 3494 Theopbr.

74 3498 139 3553 oio.
154 3499 246 3567 plant.
266 3499 367 3566 Idp.
382 3502 420 3552 20
509 3493 647 3551 4idonea
664 3514 712 3550 mo
802 3494 949 3549 edissitis
973 3496 1091 3550 Ursinus

76 3574 112 3622 10
130 3565 289 3639 pertineto
364 3575 395 3623 17
416 3585 549 3636 agrame
633 3573 667 3620 29
694 3567 751 3620 fros
772 3567 916 3621 Charisius
933 3584 961 3635 p.
975 3571 1040 3634 130,
1055 3570 1091 3620 34
