2430 3952
261 200 644 275 aaavnavsnonavu
662 219 729 274 mu.
743 220 757 273 1
772 225 876 275 14-16
1034 219 1076 284 33

60 366 219 450 primum,
246 364 346 428 refert
368 363 487 428 infesta
510 364 601 448 regio
626 363 669 428 sit
691 385 801 428 neone.
846 365 966 430 multos
990 366 1077 429 enim

61 475 162 539 agros
190 454 339 538 egregios
366 453 470 518 colere
497 474 564 516 non
588 452 717 536 expedit
744 457 877 536 propter
906 453 1078 518 latrocinia

61 543 257 626 vicinorum,
284 545 321 605 ut
347 542 381 606 in
410 539 562 606 Sardinia·
588 541 759 624 quosdam,
790 543 844 624 qui
873 546 947 606 sunt
976 564 1076 625 prope

62 629 234 715 †Oeliem,
251 637 285 697 et
303 631 336 694 in
355 629 518 712 Hispania
535 651 636 713 prope
654 629 866 696 Lusitaniam.
899 653 980 715 quae
999 631 1076 694 viei-

35 719 179 784 snitatis
206 720 353 784 invectos
383 719 507 782 habent
537 717 684 800 idoneos,
714 740 795 801 quae
825 720 872 783 ibi
899 719 1076 784 nascuntur

63 808 121 873 ubi
153 808 307 892 vendant,
340 810 373 871 et
404 807 494 871 illino
525 806 670 870 invectos
704 810 902 889 opportunos
930 830 1012 891 quae
1043 809 1077 871 in

62 896 165 961 fundo
193 917 274 979 opus
303 898 392 974 sunt,
420 899 554 979 propter
582 917 620 958 ea
647 895 824 960 fructuosa.
845 910 850 919 ·
869 896 963 959 multi
990 896 1076 959 enim

62 985 197 1068 habent,
211 985 245 1048 in
258 983 398 1068 praediis
414 984 529 1068 quibus
543 982 742 1048 frumentum
757 987 814 1048 aut
827 985 937 1048 vinum
950 985 1076 1049 aliudve

63 1073 142 1158 quid
160 1073 253 1151 desit,
271 1072 517 1157 inportandum3
537 1077 650 1135 contra
668 1093 734 1136 non
753 1073 857 1156 pauci,
881 1073 997 1157 quibus
1018 1073 1076 1137 ali-

25 1161 143 1246 roquid
167 1161 211 1226 sit
234 1161 478 1244 exportandum.
524 1161 634 1243 itaque
654 1161 714 1224 sub
737 1162 816 1225 urbe
840 1164 943 1226 colere
962 1162 1106 1227 hortos3

63 1252 129 1315 late
153 1249 292 1335 expedit,
315 1249 362 1313 sic
385 1249 521 1314 violaria
544 1270 581 1313 ao
604 1250 737 1331 rosaria,
765 1250 843 1313 item
868 1252 970 1314 multa
994 1272 1076 1333 quae

62 1361 143 1423 urps
170 1338 300 1423 recipit,
333 1360 406 1402 cum
435 1338 547 1401 eadem
574 1337 608 1401 in
636 1338 814 1422 longinquo
847 1337 1076 1422 praedi0,'ubi

62 1450 131 1493 non
155 1427 199 1490 sit
221 1447 285 1510 quo
305 1425 422 1491 deferri
441 1427 546 1510 possit
564 1426 687 1510 venale,
708 1448 775 1491 non
795 1428 944 1509 expediat
963 1429 1093 1492 colere'

64 1515 214 1600 [tertium
238 1517 301 1596 est]
325 1516 403 1579 item
427 1515 456 1579 si
478 1536 516 1579 ea
540 1515 658 1597 oppida
679 1518 735 1578 aut
752 1517 813 1579 vici
829 1518 864 1578 iu
883 1516 1001 1580 vicinia
1021 1520 1078 1579 aut

25 1623 50 1665 ra
64 1604 166 1670 etiam
193 1604 331 1668 divitum
358 1604 482 1687 copiosi
510 1606 580 1687 agri
610 1625 647 1667 ao
677 1602 787 1686 villae,
810 1604 894 1667 unde
918 1626 982 1667 non
1006 1625 1077 1666 care

64 1713 171 1758 emere
194 1692 300 1775 possis
323 1713 405 1775 quae
425 1713 506 1775 opus
531 1691 664 1756 suntin
687 1691 831 1774 fundum,
855 1692 972 1774 quibus
996 1713 1077 1774 quae

64 1781 232 1865 supersint
254 1779 364 1844 venire
383 1781 520 1863 possint,
542 1784 579 1843 ut
597 1780 789 1862 quibusdam
807 1780 1002 1862 pedamenta
1021 1785 1078 1844 aut

63 1870 209 1953 portione
232 1873 289 1934 aut
310 1868 469 1946 harundo,
493 1868 688 1932 fructuosior
710 1870 748 1933 fit
771 1869 901 1953 fundus,
929 1891 1025 1953 quam
1049 1870 1076 1933 si

63 1960 163 2043 longe
186 1959 254 2022 sint
280 1957 489 2040 inportanda,
519 1979 583 2020 non
606 1978 762 2040 numqum
786 1957 899 2041 etiam,
927 1980 1024 2041 quam
1049 1960 1107 2022 sia

24 2045 203 2112 recolendo
226 2047 261 2110 in
284 2050 341 2109 tuo
365 2069 404 2110 ea
426 2067 542 2130 parare
560 2047 677 2129 possis.
714 2047 822 2130 itaque
841 2046 875 2110 in
892 2047 953 2111 hoe
972 2068 1075 2132 genus

63 2135 174 2200 coloni
196 2135 304 2219 potius
325 2135 562 2198 anniversarios
581 2134 702 2198 habent
721 2136 855 2212 vicinos,
878 2136 994 2218 quibus
1017 2137 1075 2198 im·

63 2225 192 2307 perant,
219 2223 372 2306 medicos,
400 2222 551 2304 fullones,
573 2223 694 2305 fabros,
722 2246 818 2307 quam
842 2225 876 2286 in
898 2224 977 2288 villa
1000 2245 1075 2288 suos

62 2312 222 2394 habeant,
250 2332 386 2394 quorum
415 2333 481 2376 non
508 2332 683 2394 numquam
715 2313 808 2375 unius
833 2313 965 2376 artificis
989 2334 1075 2375 mors

63 2400 156 2466 tollit
178 2400 270 2463 fundi
293 2399 442 2464 fructum.
489 2421 585 2482 quam
609 2404 735 2482 partem
763 2401 821 2463 lati
845 2400 936 2463 fundi
960 2400 1076 2463 divites

22 2505 48 2546 2⁵
62 2488 259 2554 domesticae
288 2488 399 2571 copiae
427 2488 579 2552 mandare
610 2489 725 2552 solent.
771 2489 799 2551 si
824 2488 909 2552 enim
934 2510 953 2552 a
975 2487 1076 2552 fundo

61 2577 194 2661 longius
223 2577 342 2641 absunt
369 2577 487 2660 oppida
516 2582 572 2640 aut
601 2577 677 2658 vici,
700 2576 811 2640 fabros
840 2579 971 2659 parant,
995 2598 1075 2659 quos

60 2666 208 2732 habeant
234 2667 268 2728 in
296 2665 388 2747 villa,
412 2665 458 2729 sie
482 2669 604 2729 eeteros
633 2665 833 2730 necessarios
858 2666 1012 2748 artifices,
1035 2687 1076 2728 ne

61 2755 102 2818 de
124 2748 226 2817 fundo
249 2753 375 2817 familia
396 2755 436 2817 ab
457 2776 553 2838 opere
572 2752 716 2818 discedat
735 2775 771 2818 ae
790 2753 943 2837 profestis
963 2754 1075 2818 diebus

61 2843 210 2908 ambulet
236 2842 353 2905 feriata
379 2843 501 2924 potius,
533 2864 629 2926 qua-m
661 2864 757 2925 opere
784 2843 931 2907 faciendo
961 2849 1106 2927 agrumb

20 2946 48 2986 ⁸⁰
61 2930 314 2995 fructuosiorem
333 2931 456 2995 reddat.
492 2931 602 3014 itaque
621 2930 692 2994 ideo
713 2929 870 2995 Sasernae
890 2933 972 2996 liber
985 2954 1075 3016 prae-

154 3093 277 3155 3prope
301 3085 372 3140 oelie
482 3092 497 3140 6
520 3085 579 3139 illio
652 3088 803 3155 oportunos
829 3089 1012 3157 (opportunos
1037 3087 1075 3155 V)

61 3157 210 3226 taliquot
318 3160 351 3210 14
374 3157 430 3211 vici
457 3157 487 3210 in
513 3157 628 3228 vicinia]
656 3157 776 3212 uiciniae
891 3162 923 3212 15
948 3159 1076 3227 copiosae

61 3234 97 3284 23
116 3227 205 3298 mors]
224 3243 285 3281 mos
345 3232 379 3282 25
399 3227 552 3283 domestica
570 3231 652 3296 eopia
670 3228 836 3298 (domestica
855 3229 952 3298 copiae
971 3233 1077 3298 apopr.)

153 3357 170 3406 6
188 3349 269 3405 illinc
288 3351 436 3406 Iucundos
454 3357 479 3406 et
497 3358 629 3407 corrector
648 3353 748 3407 codicis
764 3352 924 3407 Florentiae
996 3350 1077 3404 eali-

60 3422 166 3493 quidv
249 3427 282 3475 14
300 3421 416 3476 tertium
436 3424 479 3476 est
497 3424 593 3477 delevit
613 3424 760 3478 Iucundos
831 3422 936 3491 oppida
954 3430 1003 3474 aut
1020 3419 1078 3474 uici

61 3492 221 3549 autetiam
245 3492 361 3548 Ursinus
449 3500 481 3548 15
500 3492 641 3562 copiosic
728 3499 761 3547 23
781 3510 890 3548 morso
976 3497 1009 3546 25
1028 3492 1078 3545 do·

60 3563 201 3621 meoticas
219 3564 316 3633 copiae
335 3581 351 3618 c

116 3664 203 3704 Varro
217 3673 271 3702 aaa.
285 3673 352 3703 avsr.
768 3690 775 3707 ,
900 3658 915 3705 3
