2430 3952
151 207 214 272 128
561 204 747 261 vsuaours

149 356 254 416 rasset
276 351 401 434 villam,
430 373 463 415 se
492 373 590 434 supra
613 355 742 415 centum
766 349 900 414 miliae
924 350 1002 415 villa
1020 353 1168 434 receptu-

149 463 221 505 rum
251 442 368 524 [agro].
423 459 483 524 age
510 461 577 505 non
604 438 647 502 Μ.
671 438 753 504 (lato
782 459 901 522 nuper,
938 460 1012 502 cum
1039 437 1169 503 Luculli

149 529 275 612 accepit
300 528 450 610 tutelam,
483 549 499 591 e
526 528 661 612 piscinis
691 528 760 592 eius
789 527 1005 612 quadraginta
1033 527 1168 592 milibus

99 624 139 684 18
152 617 308 682 sestertiis
335 615 480 682 vendidit
501 616 623 700 piscis?
668 616 783 698 Axius,
811 615 938 680 Merula
960 615 1021 694 mi,
1051 615 1169 700 inquit,

151 707 259 790 recipe
282 727 334 769 me
358 726 478 790 quaeso
502 705 697 790 discipulum
715 703 877 768 villaticae
896 704 1067 788 pastionis.
1098 703 1171 788 Ille,
1198 726 1211 768 s

152 794 214 870 oui
237 794 374 859 simulac
396 794 582 878 promiseris
605 794 777 876 minerval,
800 792 968 876 incipiam,
991 793 1098 877 inquit
1123 793 1171 873 [id

152 885 202 947 est
229 885 365 964 cenam}
410 882 484 967 Ego
512 904 587 947 vero
612 903 678 946 non
701 903 828 962 recuso,
856 882 907 946 vel
934 880 1031 946 hodie
1059 881 1107 946 ccl
1130 903 1171 946 ex

151 971 216 1036 ista
239 972 390 1054 pastione
414 970 534 1037 crebro.
580 970 716 1055 Appius,
740 968 843 1034 Orcdo
868 969 1003 1034 simulac
1025 969 1170 1052 primum

152 1080 190 1123 ex
218 1059 282 1124 isto
312 1059 456 1124 villatico
480 1079 595 1140 pecore
619 1059 739 1123 mortui
762 1062 857 1123 erunt
880 1079 1009 1122 anseres
1033 1061 1091 1122 aut
1113 1080 1170 1141 pa·

150 1169 262 1212 vones.
290 1144 351 1211 Oui
368 1148 433 1230 ille,
457 1146 540 1222 Quid
565 1147 651 1211 enirn
674 1147 820 1230 interest,
843 1149 950 1210 utrum
974 1147 1169 1211 morticinas
1185 1170 1211 1211 ro

152 1235 247 1299 editis
266 1235 413 1300 volucres
433 1257 475 1300 an
493 1235 608 1321 pisces,
631 1257 712 1321 quos
731 1235 795 1300 nisi
814 1240 960 1300 mortuos
980 1235 1058 1300 estis
1076 1257 1171 1299 num-

154 1323 273 1406 quam?
296 1323 352 1387 sed
376 1345 433 1388 oro
456 1327 500 1408 te,
521 1324 638 1409 inquit,
660 1324 778 1388 induce
800 1323 906 1387 mein
923 1324 1009 1388 viam
1028 1324 1171 1406 discipli·

153 1433 215 1475 nae
229 1412 392 1476 villaticae
406 1412 567 1496 pastionis
583 1434 620 1477 ac
639 1413 706 1476 vim
723 1412 927 1495 formamque
946 1413 1014 1476 eius
1035 1434 1171 1495 expone.

99 1496 139 1553 ΠΙ
241 1499 368 1565 Merula
395 1523 461 1565 non
488 1505 637 1586 gravate,
670 1501 827 1583 Primum,
855 1500 973 1584 inquit,
1001 1501 1172 1566 dominum

153 1588 307 1656 scientem
340 1612 410 1654 esse
443 1593 572 1673 oportet
607 1612 718 1653 earum
750 1611 875 1670 rerum,
912 1609 994 1672 quae
1026 1589 1061 1652 in
1094 1590 1212 1656 villars

152 1679 314 1742 circumve
338 1700 410 1743 eam
440 1678 621 1758 [animalia]
653 1677 698 1742 ali
722 1700 759 1742 ao
781 1678 872 1761 pasci
895 1678 1036 1760 possint,
1063 1680 1112 1743 ita
1135 1682 1173 1742 ut

154 1766 285 1830 domino
314 1766 380 1830 sint
406 1766 527 1831 fructui
555 1787 592 1830 ac
620 1766 837 1830 delectationi.
883 1767 951 1830 eius
983 1765 1172 1849 disciplinae

154 1873 275 1938 genera
293 1859 370 1918 sunt
388 1855 461 1938 tria,
485 1854 684 1934 omithones‚
703 1854 875 1938 leporaria,
890 1853 1046 1937 piscinae.
1085 1876 1172 1920 nuno

154 1943 346 2007 ornithonas
374 1943 445 2007 dico
475 1943 619 2007 omnium
643 1943 772 2025 alitum,
805 1964 887 2026 quae
914 1943 1002 2007 intra
1029 1943 1172 2027 parietes

123 2022 142 2079 2
154 2030 251 2095 villae
279 2031 385 2094 solent
413 2031 512 2113 pasci.
558 2031 720 2114 leporaria
752 2035 785 2095 te
818 2031 965 2114 accipere
997 2031 1071 2096 volo
1105 2054 1172 2098 non
1185 2057 1210 2097 ao

154 2140 192 2182 ea
215 2139 296 2202 quae
319 2118 431 2182 tritavi
454 2119 561 2184 nostri
586 2119 750 2203 dicebant,
777 2119 834 2185 ubi
858 2119 920 2184 soli
942 2119 1070 2204 lepores
1095 2121 1171 2199 sint,

154 2204 210 2270 sed
234 2207 344 2271 omnia
368 2211 494 2290 saepta,
525 2208 643 2272 adficta
665 2208 763 2272 villae
788 2229 870 2293 quae
894 2211 972 2272 sunt
994 2211 1027 2272 et
1048 2208 1172 2274 habent

152 2295 278 2360 inclusa
307 2296 474 2379 animalia,
505 2318 587 2379 quae
614 2299 801 2380 pascantur.
847 2296 997 2361 similiter
1026 2297 1171 2380 piscinas

154 2384 225 2449 dico
250 2406 314 2468 eas,
338 2407 420 2469 quae
443 2386 478 2449 in
498 2407 583 2470 aqua
601 2385 687 2450 dulci
706 2389 763 2449 aut
782 2385 869 2450 salsa
886 2385 1029 2450 inclusos
1049 2385 1172 2451 habent

123 2464 259 2556 3pisces
284 2473 324 2537 ad
347 2474 468 2538 villam.
511 2473 628 2538 harum
650 2495 755 2538 rerum
779 2474 910 2558 singula
932 2494 1053 2559 genera
1074 2475 1169 2539 mini·
1184 2498 1209 2540 ss

154 2584 241 2625 mum
270 2563 305 2626 in
328 2561 423 2626 binas
447 2563 569 2645 species
593 2561 694 2626 dividi
716 2566 864 2645 possunt,
891 2562 925 2626 in
947 2562 1055 2646 prima
1077 2566 1171 2647 parte

154 2654 191 2714 ut
222 2651 289 2714 sint
320 2671 401 2732 quae
429 2654 517 2715 terra
543 2649 639 2714 modo
664 2651 730 2715 sint
753 2653 934 2734 contentae,
957 2654 995 2715 ut
1017 2655 1095 2717 sunt
1117 2674 1172 2735 pa-

155 2759 254 2802 vones
277 2741 420 2802 turtures
444 2739 544 2803 turdi:
582 2740 617 2803 iu
642 2739 747 2803 altera
770 2740 878 2824 speeie
902 2742 978 2804 sunt
1001 2761 1083 2823 quae
1105 2762 1173 2805 non

156 2829 232 2889 sunt
260 2830 431 2891 contentae
459 2831 547 2892 terra
575 2827 694 2912 solum,
725 2828 780 2892 sed
804 2828 903 2892 etiam
927 2849 1044 2912 aquam
1067 2829 1172 2913 requi·

155 2917 240 2997 runt,
258 2916 295 2979 ut
314 2919 392 2978 sunt
411 2937 541 2980 anseres
561 2916 797 3000 querquedulae
816 2921 939 2983 anates.
967 2917 1014 2981 sio
1032 2917 1172 2981 alterum
1185 2944 1211 2986 ao

155 3023 257 3086 genus
294 3002 371 3068 illut
406 3005 589 3069 venaticum
622 3005 703 3069 duas
735 3005 836 3069 habet
863 3005 1006 3070 diversas
1039 3007 1173 3091 species,

246 3184 259 3230 1
279 3180 457 3247 recepturum
476 3195 544 3249 agro
563 3194 616 3248 age
635 3181 714 3248 (agro
734 3194 785 3233 om.
808 3178 847 3248 V)
908 3185 924 3233 2
942 3178 1033 3234 lucilli
1093 3186 1111 3234 4
1130 3196 1172 3234 se·

155 3247 250 3302 stertis
298 3249 379 3303 ‘lvel
393 3252 543 3318 posteriorc
562 3251 619 3305 loeo
637 3265 687 3304 om.
735 3255 768 3304 16
788 3249 863 3320 eam]
882 3266 916 3304 ea
968 3253 1001 3303 18
1025 3249 1092 3321 nia]
1112 3252 1174 3306 trea

156 3324 188 3372 21
210 3318 276 3389 soli]
296 3318 373 3373 soliti
445 3324 586 3376 aerarum
604 3336 655 3375 om.
729 3326 763 3377 28
782 3321 812 3375 in
829 3327 893 3376 oute
912 3320 1002 3376 altera
1020 3336 1071 3378 om.

156 3422 370 3429 *—

245 3486 260 3534 2
280 3477 424 3535 Lucullis
498 3485 531 3534 16
551 3478 690 3535 circumue
710 3497 770 3535 eam
791 3479 864 3536 aliu
937 3486 970 3534 21
990 3478 1044 3535 soli
1063 3480 1174 3551 lepores

158 3549 263 3606 Gallius
282 3552 325 3604 ΙΙ
338 3555 385 3618 20,
404 3556 424 3607 2
