2430 3952
159 214 201 278 72
352 208 354 213 ’
567 212 753 269 VARRONIS

157 360 343 424 habuerunt
372 359 407 423 in
429 359 530 442 Epiro
554 379 705 443 magnas,
733 361 804 423 tum
828 380 900 424 cum
923 359 1063 444 piratico
1087 361 1171 426 bello

157 449 243 512 inter
261 447 378 514 Delum
403 453 436 512 et
457 447 599 512 Siciliam
619 446 773 512 Graeciae
797 447 955 513 classibus
979 469 1173 532 praeessem.

158 538 315 621 incipiam
338 537 441 600 hinc*

136 642 150 696 Ι
249 623 328 691 Cum
350 624 496 690 Manates
516 623 726 707 discessisset,
751 621 918 689 Cossinius
937 624 1026 706 mihi,
1050 623 1123 691 Nos
1141 630 1172 690 te

158 737 224 781 non
249 714 464 799 dimittemus,
485 713 601 797 inquit,
625 717 796 796 antequam
820 712 878 777 illa
901 713 966 777 tria
988 713 1203 799 explicamus

160 825 241 886 quae
273 824 425 885 coeperas
453 823 556 885 nuper
585 801 702 885 dicere,
733 821 802 865 cum
830 823 939 865 sumus
963 802 1174 886 interpellati.

160 893 250 968 Quae
282 891 368 956 tria?
400 890 507 974 inquit
538 889 694 971 Murrius,
728 911 768 953 an
803 911 840 954 ea
873 912 954 974 quae
982 891 1066 955 mihi
1097 891 1173 957 herc

159 981 271 1045 dixisti
294 980 333 1043 de
356 979 533 1065 pastoricia
556 978 612 1041 re?
648 978 732 1061 Ista,
759 979 865 1061 inquit
892 979 963 1061 ille,
991 1001 1075 1062 quae
1103 1002 1173 1046 coe·

159 1073 253 1152 perat
281 1068 335 1132 hic
364 1069 535 1150 disserere,
561 1088 643 1150 quae
667 1069 752 1130 esset
775 1067 883 1152 origo,
914 1089 997 1152 qnae
1020 1067 1174 1154 dignitas,

160 1179 241 1241 quae
271 1178 338 1238 ars,
379 1178 451 1219 eum
481 1157 502 1235 †
529 1159 662 1238 poetam
691 1176 798 1220 sesam
831 1155 936 1220 visere
963 1156 1173 1242 venissemus,
1184 1176 1203 1217 ¹⁰

129 1246 224 1314 2nisi
254 1245 370 1308 medici
402 1244 559 1308 adventus
590 1265 650 1308 nos
680 1243 868 1327 impedisset.
913 1243 985 1329 Ego
1010 1267 1102 1326 vcro,
1125 1248 1173 1311 in-

162 1356 268 1417 quam,
291 1332 395 1398 dicam
415 1333 584 1397 dumtaxat
603 1332 688 1416 quod
708 1335 758 1396 cst
775 1333 967 1416 historicon,
989 1333 1029 1397 de
1048 1334 1173 1401 duabus

160 1422 256 1486 rebus
279 1422 393 1506 primis
418 1443 499 1505 quae
523 1421 641 1505 accepi,
665 1421 704 1485 de
728 1421 854 1507 origine
878 1424 911 1486 et
929 1423 1098 1506 dignitate.
1136 1423 1173 1489 de

160 1511 259 1575 tertia
276 1513 379 1594 parte,
402 1510 460 1574 ubi
479 1513 529 1574 est
547 1511 586 1574 de
605 1513 684 1593 arte,
708 1507 820 1574 Scrofa
840 1511 1002 1595 suscipiet,
1023 1516 1061 1576 ut
1074 1512 1172 1577 serni·

159 1600 285 1684 graecis
313 1600 499 1682 pastoribus
528 1599 632 1663 dicam
660 1618 788 1683 graece,
816 1597 852 1675 ὅς
874 1596 935 1685 πέρ
959 1622 1025 1683 μου
1048 1603 1173 1667 πολλὸν
1183 1616 1204 1659 11

160 1687 314 1772 ἀμείνων.
358 1709 436 1751 nam
459 1689 486 1752 is
508 1688 664 1771 magister
683 1685 718 1752 O.
737 1686 842 1751 Lucili
860 1686 960 1767 Hirri,
984 1690 1097 1773 generi
1116 1689 1173 1774 tui,

161 1778 250 1842 cuius
280 1776 408 1841 nobiles
445 1777 616 1859 pecuariae
648 1775 681 1839 in
714 1775 854 1840 Bruttiis
888 1776 1060 1862 habentur.
1112 1777 1172 1844 Sed

158 1865 240 1929 hacc
263 1866 311 1928 ita
335 1887 354 1928 a
377 1865 472 1929 nobis
497 1864 671 1947 accipietis,
694 1864 800 1948 inquit
823 1863 944 1948 Scrofa,
967 1869 1096 1950 utros,
1120 1867 1173 1951 qui

161 1955 239 2017 estis
254 1952 414 2036 Epirotici
428 1954 599 2036 pecuariae
615 1952 768 2039 athletae,
785 1954 1037 2019 remuneremini
1056 1976 1118 2021 nos
1137 1976 1173 2021 ac

161 2063 243 2126 quse
267 2041 356 2105 scitis
379 2041 552 2124 proferatis
576 2042 610 2105 in
634 2042 784 2109 medium.
825 2064 920 2107 nemo
949 2044 1035 2107 enim
1064 2044 1203 2110 omnies

128 2133 270 2215 3potest
297 2129 387 2194 scira.
438 2129 519 2196 Cum
548 2131 744 2213 accepissem
773 2131 994 2197 condicionem
1023 2134 1056 2196 et
1084 2154 1173 2199 mese

159 2223 271 2302 partes
295 2223 404 2282 essent
434 2220 572 2303 primae,
599 2241 665 2284 non
689 2241 752 2302 quo
775 2241 842 2285 non
865 2241 925 2304 ego
948 2222 1118 2303 pecuarias
1140 2222 1174 2286 in

158 2306 258 2371 ltalia
285 2307 435 2386 habeam,
465 2308 520 2372 sed
548 2330 615 2373 non
643 2330 755 2373 omnes
784 2311 838 2392 qui
868 2308 991 2373 habent
1015 2310 1173 2375 citharam

161 2402 237 2461 sunt
255 2396 448 2461 citharoedi:
471 2395 586 2481 Igitur,
603 2397 747 2482 inquam,
766 2400 799 2460 ct
816 2397 964 2462 homines
983 2400 1016 2462 et
1032 2400 1172 2482 pecudes

249 2607 419 2676 sincipiam
445 2607 512 2662 hinc
538 2607 600 2662 HIC
627 2606 894 2662 INTERMISIMVS
923 2624 987 2663 cum
1014 2611 1144 2666 menatae

159 2684 278 2733 lanosae
300 2696 358 2734 non
381 2677 561 2733 demittamne
669 2678 754 2733 silla
772 2679 829 2733 tris
854 2680 920 2749 (tria
943 2679 995 2734 illa
1012 2683 1175 2753 apographa

159 2750 303 2805 maurella.
344 2749 396 2803 illa
422 2749 478 2803 tria
505 2766 574 2805 corr.
597 2750 653 2805 tria
678 2750 730 2803 illa
756 2751 789 2805 ia
817 2751 961 2820 archetypo
987 2751 1075 2818 fuisse
1100 2754 1173 2809 vide

159 2823 215 2887 tur)
311 2827 410 2874 6cum
429 2837 479 2876 om.
581 2822 671 2876 8ista
689 2820 774 2890 (insta
796 2821 835 2889 V)
925 2819 1029 2893 inquit]
1050 2840 1088 2878 an
1106 2821 1175 2892 quid

159 2889 263 2959 (inquit
282 2892 408 2959 plurima
426 2893 600 2962 apographa,
624 2908 661 2945 an
679 2891 747 2960 quid
767 2892 825 2949 Pol.
845 2897 870 2947 ct
888 2894 944 2948 cod.
965 2892 1056 2959 Fur.)
1141 2899 1175 2948 10

159 2979 222 3016 cum
245 2964 359 3031 poetam
382 2962 455 3034 spa]
482 2968 575 3017 aotam
603 2964 758 3031 adpositam
785 2979 839 3018 csse
862 2965 1006 3018 adnotant
1034 2963 1175 3019 Victorius

161 3032 278 3103 1111111]
299 3050 334 3087 ne
387 3032 536 3088 insedisset
591 3034 765 3088 1501ΠΕΡ
789 3033 1030 3089 ΜΟΥΤΙΟΛΛΟΝ
1046 3035 1173 3090 ·ΜΕΙΝ111

159 3105 218 3158 cod.
240 3103 319 3173 Par,
337 3098 408 3173 ὅπερ
427 3124 480 3175 μου
499 3101 603 3159 πολλὸν
622 3099 729 3174 ἀμείνω
750 3104 811 3160 Ροῑ.
902 3111 934 3160 16
954 3121 969 3158 c
987 3105 1080 3160 lucilli
1098 3105 1174 3175 hipri

161 3180 193 3228 19
212 3174 453 3243 pecuariathietae
557 3181 590 3230 21
610 3175 802 3231 conditionem
901 3183 935 3230 22
954 3176 983 3230 in
1001 3175 1114 3231 italiam
1133 3175 1174 3246 (in

159 3245 244 3299 ltalia
267 3245 305 3315 V)
409 3253 444 3301 24
461 3262 533 3316 pecu
551 3264 615 3301 cum
635 3245 724 3316 (pecd'
745 3265 808 3302 oum
827 3248 884 3301 cod.
905 3248 984 3315 Pur,
1000 3262 1091 3316 pecua
1110 3264 1173 3303 cum

249 3430 266 3477 4
284 3427 365 3478 noste
384 3441 440 3478 non
459 3423 641 3478 demittemus
660 3425 716 3478 cod.
737 3423 802 3477 Por.
881 3431 897 3478 6
917 3439 980 3477 cum
998 3439 1095 3477 sumus
1114 3423 1174 3478 Aa·

159 3495 248 3563 pelias
322 3501 354 3550 10
373 3494 489 3549 Paetum
507 3495 613 3569 fessum
636 3493 753 3548 Ursinus
817 3499 848 3547 11
868 3492 1034 3562 impedisset
1056 3492 1176 3550 Ursinus

163 3571 197 3619 16
217 3565 245 3620 C.
265 3564 357 3620 Lucili
374 3565 451 3619 Hirri
469 3565 657 3635 Nipperdcius
674 3567 707 3619 im
726 3563 834 3620 Cacsar.
850 3569 951 3635 p.136
