2430 3952
157 220 224 274 VllI
549 218 756 274 PRAEFATIO

161 366 282 449 apertis
311 364 518 429 librariorum
547 365 710 429 erroribus
739 369 892 449 corrupta
915 370 1021 448 erant,
1049 368 1172 449 primus

160 455 314 538 correxit,
347 476 542 538 quamquam
571 454 729 538 quaedam
757 476 795 518 ex
825 455 874 518 his
904 455 1089 520 eMediceo
1120 478 1173 520 co-

159 543 229 606 dice
252 543 303 606 vel
327 564 367 605 ex
387 542 583 626 Florentino,
606 543 664 624 qui
687 565 726 606 ex
749 544 805 608 illo
829 548 992 609 correctus
1017 548 1095 627 erat,
1118 567 1171 628 pe·

158 637 226 695 tere
250 632 366 714 potuit.
413 631 492 694 haec
517 631 679 714 adscripta
702 653 720 696 c
744 632 853 696 littera
878 637 924 715 et,
952 633 980 696 si
1004 633 1115 696 eadem
1138 636 1173 698 in

157 719 299 784 Mediceo
320 720 429 783 codice
448 721 609 803 leguntur,
633 720 743 784 addita
767 721 864 784 etiam
888 742 920 784 m
942 723 1052 785 littera
1072 723 1171 806 signi·

156 809 259 873 ficari.
305 809 503 891 reliquorum
533 809 693 872 editorum
724 810 965 874 emendationes
997 810 1171 893 adscriptis

156 897 344 962 nominibus
372 897 522 961 indicavi.
568 918 607 959 ex
635 897 686 960 his
710 898 916 981 Philippus
945 898 1172 983 Beroaldus,

157 986 214 1070 qui
241 985 421 1069 principem
450 985 624 1049 editionem
649 1008 675 1050 a.
697 987 783 1050 1494
811 986 978 1051 Bononiae
1003 989 1170 1071 expressit,

157 1097 221 1138 uno
255 1076 306 1139 vel
338 1075 441 1137 altero
475 1075 546 1138 loeo
580 1072 670 1137 illius
698 1076 853 1139 lectiones
882 1077 1031 1140 correxit.
1077 1077 1171 1159 plura

156 1185 253 1247 quam
278 1164 448 1246 quisquam
472 1164 668 1246 reliquorum
695 1163 892 1228 Iuoundus
922 1163 1171 1247 Veronensis,

156 1253 211 1336 qui
235 1256 359 1316 ceteros
384 1251 522 1314 editores
546 1251 694 1315 doctrina
718 1256 751 1316 et
774 1254 906 1337 ingenio
925 1254 1022 1337 longe
1042 1275 1171 1336 supera-

157 1343 223 1420 bat,
247 1340 441 1404 emendavit.
485 1339 580 1403 huius
605 1341 690 1404 enirn
715 1342 822 1406 studio
846 1363 930 1405 nova
952 1342 1068 1405 horum
1093 1344 1170 1406 scri-

156 1435 287 1512 ptorum
321 1429 433 1509 editio,
466 1449 547 1510 quae
581 1451 608 1493 a.
637 1429 725 1493 1514
752 1429 899 1494 Venetiis
931 1431 1016 1514 apud
1048 1429 1169 1495 Aldum

154 1518 240 1582 facta
270 1521 335 1600 est,
367 1516 508 1580 debetur.
554 1517 587 1580 in
615 1539 654 1580 ea
679 1519 818 1583 editione
842 1523 950 1582 autem
973 1541 1039 1582 non
1063 1519 1170 1584 solum

156 1606 310 1671 adhibitis
334 1606 426 1669 libris
446 1627 544 1669 manu
569 1606 712 1689 scriptis,
736 1607 770 1669 in
789 1607 906 1691 quibus
925 1607 988 1671 fuit
1007 1607 1168 1671 Mediceus

155 1697 263 1778 codex,
287 1695 342 1758 sed
367 1694 466 1758 etiam
491 1695 675 1759 coniectura
698 1695 831 1759 editoris
855 1697 1005 1780 plurima,
1029 1696 1169 1779 quaein

155 1783 392 1868 antiquioribus
408 1783 644 1866 exemplaribus
659 1788 811 1867 corrupta
829 1784 1024 1868 ferebantur,
1043 1788 1170 1849 mutata

156 1878 240 1936 sunt.
292 1893 426 1954 quorum
460 1893 654 1954 quamquam
687 1874 829 1936 maxima
861 1895 937 1957 pars
970 1873 1032 1936 fide
1069 1896 1168 1937 manu

155 1963 349 2043 scriptorum
378 1960 536 2023 librorum
565 1964 667 2042 caret,
699 1964 810 2024 tamen
842 1963 1007 2046 ingeniose
1035 1964 1168 2026 inventa

155 2054 230 2114 sunt
253 2050 370 2131 omnia,
394 2049 497 2111 multa
521 2053 595 2131 apte
620 2053 651 2112 et
674 2050 889 2131 probabiliter
912 2053 1079 2118 restituta*
1111 2052 1167 2114 Al-

155 2138 264 2202 dinam
302 2137 475 2200 editionem
513 2159 597 2201 anno
634 2142 710 2220 post
748 2143 857 2203 secuta
896 2145 946 2204 est
981 2141 1113 2204 Iuntina
1148 2162 1168 2203 a

153 2226 186 2291 N
193 2227 318 2291 icolao
348 2224 514 2310 Angelis
543 2225 631 2290 facta
658 2226 843 2291 Florentiae
867 2251 894 2292 a.
916 2227 1015 2307 1515,
1047 2229 1080 2291 in
1104 2250 1168 2312 qua

153 2317 211 2379 illa
238 2315 305 2390 fere
333 2318 405 2377 tota
433 2336 585 2397 expressa
613 2319 676 2397 est,
710 2317 765 2380 sed
800 2318 954 2381 nonnulla
980 2318 1100 2400 partim
1129 2339 1168 2380 ex

153 2404 354 2469 Florentinis
392 2404 555 2467 codicibus
591 2407 711 2487 partim
751 2427 790 2469 ex
822 2406 1007 2470 coniectura
1041 2410 1168 2470 mutata

154 2499 240 2558 sunt.
284 2493 318 2556 in
341 2492 497 2575 proximis
522 2493 717 2557 editionibus
740 2499 869 2577 praeter
892 2513 1003 2576 pauca,
1027 2514 1108 2575 quae
1132 2495 1166 2557 in

153 2582 333 2646 Basileensi
363 2581 502 2645 editione
531 2581 663 2646 a.1521
690 2586 834 2645 correcta
858 2585 945 2663 sunt,
976 2580 1058 2643 nihil
1082 2583 1167 2664 quod

61 2716 74 2726 ,
152 2670 309 2734 memoria
333 2669 466 2752 dignum
490 2672 576 2733 esset
599 2669 718 2734 inveni.
764 2669 877 2731 deinde
907 2668 1047 2734 Petrus
1078 2669 1165 2735 Vic-

153 2760 278 2823 torius
307 2756 506 2820 Marcianum
540 2757 682 2821 codicem
715 2761 830 2821 nactus
864 2781 891 2821 a.
918 2758 1000 2823 1541
1031 2758 1165 2824 Catonis

154 2852 187 2912 et
220 2846 377 2910 Varronis
416 2850 449 2909 et
485 2847 563 2909 item
601 2846 799 2929 reliquorum
832 2847 1026 2930 scriptorum
1059 2848 1099 2911 de
1131 2869 1166 2910 re

152 2937 273 3000 rustica
296 2934 398 2997 libros
422 2934 536 3014 edidit,
558 2935 712 2999 restituta
736 2937 878 3020 genuina
901 2937 1019 3000 veteris
1046 2936 1165 3000 codicis

154 3020 316 3106 scriptura
331 3023 474 3086 omnium
490 3023 610 3105 optime
630 3025 669 3087 de
689 3023 824 3089 Catonis
844 3029 876 3088 et
895 3024 1053 3089 Varronis
1072 3025 1165 3088 libris

154 3114 297 3178 meritus.
344 3112 507 3174 sedidem
531 3112 627 3176 nimis
657 3114 769 3197 multa,
792 3135 873 3197 quae
898 3135 936 3177 ex
959 3115 1164 3196 interpolatis

152 3204 297 3286 priorum
326 3200 484 3263 editorum
514 3203 752 3285 exemplaribus
786 3202 825 3265 ad
856 3201 1024 3265 luntinam
1052 3202 1164 3265 editio-

151 3314 238 3373 nem,
272 3310 334 3372 qua
363 3288 419 3352 ille
448 3311 505 3371 pro
534 3289 745 3354 fundamento
773 3313 876 3354 novae
906 3290 1057 3354 editionis
1085 3313 1164 3355 usus

152 3384 211 3463 est,
240 3383 423 3462 propagata
447 3382 555 3460 erant,
585 3379 734 3462 retinuit,
765 3401 823 3442 sua
847 3380 1166 3463 coniecturaxpauca,

153 3489 234 3554 quae
258 3469 293 3530 in
317 3466 425 3530 codice
449 3470 603 3550 corrupta
625 3468 802 3545 invenerat,
834 3469 982 3534 correxit.
1028 3468 1165 3531 Victorii

151 3558 326 3622 editionem
350 3577 462 3636 omnes
487 3556 543 3639 qui
565 3561 681 3640 postea
705 3557 834 3620 eosdem
865 3557 968 3620 libros
997 3557 1165 3621 ediderunt
