2430 3952
110 206 173 273 108
441 167 443 171 Α
524 208 711 263 VARRONIS

109 355 146 418 de
170 355 365 437 pastoribus,
410 353 524 417 Brevis
548 353 653 418 oratio
678 353 715 416 de
739 351 822 431 istis,
844 353 951 436 inquit
972 352 1125 418 Murrius.

108 465 185 506 nam
209 444 289 506 muli
312 446 345 506 et
368 443 446 506 item
469 443 560 506 hiuuu'
584 442 728 526 bigeneri
752 445 849 526 atque
872 441 1024 525 insiticii,
1055 464 1125 507 non

109 535 223 615 suopte
251 552 368 616 genere
397 533 437 595 ab
466 531 637 595 radicibus,
683 552 722 592 ex
750 553 832 614 equa
859 530 945 594 enim
976 533 1008 594 et
1032 531 1125 596 asino

79 621 147 684 nfn
170 620 292 702 mulus,
321 623 434 684 contra
463 642 502 683 ex
530 641 612 703 equo
644 622 676 682 et
700 619 791 682 asina
814 619 942 684 hinnus.
987 622 1126 703 uterque

110 730 220 772 eorum
241 709 280 772 ad
301 731 395 772 usum
414 708 514 790 utilis,
533 712 629 792 partu
647 706 833 771 fructuosus
852 711 975 771 neuter.
998 708 1126 790 pullum
1153 730 1166 769 s

111 797 270 861 asininum
291 820 310 861 a
329 801 426 879 partu
448 800 610 861 recentem
627 796 791 861 subiciunt
805 818 915 880 equae,
934 797 1024 860 cuius
1039 797 1128 861 lacte

111 887 283 968 ampliores
308 887 399 967 fiunt,
423 886 507 968 quod
532 887 564 949 id
588 886 672 949 lacte
696 907 792 968 quam
817 885 980 949 asininum
1004 885 1045 950 ad
1069 885 1128 950 ali-

110 976 220 1038 monia
253 975 365 1038 dicunt
396 996 467 1037 esse
500 974 622 1037 melius.
677 978 845 1057 praeterea
878 972 1013 1038 educant
1052 995 1127 1039 eum

110 1063 222 1146 paleis,
246 1063 350 1144 faeno,
373 1062 502 1127 hordeo.
549 1063 646 1125 matri
671 1062 903 1145 suppositiciae
927 1083 1054 1145 quoque
1078 1063 1126 1126 in-

111 1152 265 1233 serviunt,
285 1172 347 1233 quo
368 1172 449 1232 equa
470 1150 538 1230 [ad]
559 1152 774 1214 ministerium
794 1151 888 1214 lactis
908 1150 1016 1214 cibum
1036 1152 1127 1234 pullo
1141 1172 1166 1211 ro

111 1240 265 1321 praebere
288 1239 401 1321 possit.
446 1240 499 1303 hic
522 1239 570 1302 ita
593 1239 746 1303 educatus
771 1263 789 1302 a
812 1240 910 1303 trimo
934 1243 1045 1324 potest
1071 1240 1127 1304 ad·

112 1327 211 1390 mitti:
249 1349 352 1410 neque
377 1328 462 1391 enim
487 1333 679 1409 aspernatur
702 1331 836 1411 propter
859 1328 1128 1392 consuetudinem

80 1415 271 1497 3equinam.
316 1415 403 1480 huuc
434 1417 592 1480 minorem
621 1418 648 1479 si
672 1417 848 1499 admiseris,
881 1417 1005 1501 etipse
1029 1417 1127 1482 citius

112 1506 261 1585 senescit,
289 1508 322 1567 et
351 1527 432 1587 quae
463 1528 502 1568 ex
530 1527 567 1569 eo
597 1506 821 1588 concipiuntur
851 1505 933 1568 fiunt
956 1504 1127 1570 deteriora.

112 1594 167 1677 qui
187 1614 253 1657 non
271 1593 393 1657 habent
408 1616 480 1657 eum
496 1595 631 1670 asinum,
651 1615 745 1676 quem
762 1598 1001 1676 supposuerunt
1015 1615 1126 1677 equae,
1141 1616 1166 1657 ιε

111 1687 144 1744 et
168 1683 294 1746 asinum
318 1682 543 1746 admissarium
564 1683 683 1745 habere
702 1684 828 1762 volunt,
853 1681 891 1745 de
911 1682 1011 1746 asinis
1031 1705 1128 1766 quem

112 1771 349 1853 amplissimum
373 1770 707 1853 formosissimumqne
731 1774 870 1854 possunt
893 1771 1033 1854 eligunt,
1057 1772 1127 1854 qui-

112 1879 173 1941 que
197 1859 333 1921 seminio
356 1864 453 1922 natus
478 1860 522 1921 sit
545 1859 643 1940 bono,
671 1859 843 1936 Arcadico,
872 1863 909 1922 ut
932 1859 1059 1942 antiqui
1083 1860 1128 1923 di-

112 1947 238 2029 cebant,
261 1949 298 2009 ut
320 1968 380 2010 nos
405 1949 528 2030 experti
548 1969 667 2026 sumne,
690 1947 840 2030 Reatino,
863 1948 919 2011 ubi
939 1948 1069 2012 tricenis
1090 1970 1128 2012 ac

112 2034 328 2117 quadragenis
347 2035 478 2098 milibus
498 2034 680 2098 admissarii
700 2036 824 2119 aliquot
842 2037 1018 2101 venierunt.
1045 2058 1127 2120 quos
1142 2062 1166 2100 ao

113 2123 248 2185 emimus
276 2122 355 2186 item
384 2126 421 2186 ut
448 2145 548 2205 equos
576 2124 835 2208 stipulamurque
861 2126 895 2189 in
923 2125 1058 2190 emendo
1091 2148 1128 2190 ac

113 2210 248 2273 facimus
271 2211 306 2274 in
330 2211 516 2294 accipiendo
536 2212 630 2294 idem,
655 2212 740 2297 qnod
763 2213 885 2276 dictum
904 2216 954 2276 est
973 2214 1006 2276 in
1027 2215 1127 2297 equis.

82 2299 172 2362 thos
205 2300 367 2382 pascimus
399 2301 570 2383 praecipue
601 2300 697 2366 faeno
730 2305 828 2384 atque
860 2302 998 2383 hordeo,
1030 2307 1064 2366 et
1095 2303 1128 2366 id

114 2393 189 2451 ante
218 2388 430 2453 admissuram
461 2394 493 2452 et
521 2390 644 2471 largius
672 2390 823 2473 facimus,
851 2396 888 2455 ut
911 2390 983 2454 cibo
1008 2390 1129 2454 suffun-

113 2476 227 2540 damus
256 2478 339 2541 vires
368 2477 408 2541 ad
436 2477 590 2560 feturam,
620 2479 732 2542 eodem
760 2481 905 2561 tempore
935 2501 998 2562 quo
1026 2501 1127 2563 equos
1142 2503 1166 2544 ss

114 2565 321 2647 adducentes,
349 2567 490 2650 itemque
519 2571 556 2630 ut
583 2566 671 2630 ineat
701 2589 800 2650 equas
823 2589 881 2649 per
903 2568 1012 2652 origas
1035 2590 1127 2633 oura-

113 2675 193 2717 mus,
240 2675 312 2717 cum
344 2656 471 2738 peperit
504 2675 586 2738 equa
617 2656 741 2719 mulum
774 2660 830 2718 aut
856 2657 996 2738 mulam,
1027 2658 1128 2720 nutri-

202 2868 218 2915 2
237 2862 320 2916 multi
340 2865 368 2916 et
388 2863 455 2916 item
474 2863 602 2930 bigeneri
651 2863 794 2934 3suopte]
814 2880 863 2917 suo
879 2881 931 2933 ope
977 2871 994 2919 4
1012 2863 1128 2920 hinnius

114 2938 130 2987 5
149 2933 320 3004 fructuosus]
339 2932 445 2987 fructus
509 2941 523 2988 7
543 2934 647 2988 atalia
666 2934 761 2989 omnia
815 2941 830 2989 9
850 2937 954 2990 hordeo
974 2935 1070 3005 (ordeo
1088 2936 1128 3005 V)

115 3011 146 3058 11
167 3005 283 3057 eductus
303 3004 428 3073 aprime
489 3011 522 3059 16
543 3004 694 3059 asinarium
715 3004 911 3060 admissarium
959 3013 992 3062 19
1011 3007 1127 3062 tricenis

114 3075 149 3127 ad
169 3074 380 3143 quadringentis
448 3081 483 3130 20
502 3076 617 3144 aliquod
685 3082 719 3130 26
738 3075 869 3145 idemque
932 3083 966 3132 27
986 3077 1129 3148 pepererit

202 3275 217 3323 2
237 3268 308 3323 muli
327 3274 356 3324 et
373 3269 453 3324 hinni
473 3270 598 3339 bigensri
616 3271 764 3326 Iucundos
835 3277 851 3325 3
872 3273 970 3340 suopte
989 3288 1093 3340 genere
1111 3290 1128 3326 u

113 3347 130 3394 4
148 3340 250 3395 hirnus
268 3341 415 3395 Iucundus
462 3348 476 3395 7
496 3340 629 3395 alimonia
648 3342 844 3396 Luchmuuuus
862 3345 894 3397 iu
912 3343 1022 3397 Lucret.
1031 3348 1128 3412 p.352

115 3418 147 3466 10
176 3429 248 3480 equa
279 3409 466 3466 ministerium
496 3411 577 3465 lactis
605 3412 682 3481 pullo
711 3413 843 3481 praebere
871 3414 963 3481 possit
990 3415 1128 3469 Geuuno

114 3488 146 3536 11
167 3501 184 3537 a
202 3483 286 3536 trimo
312 3483 429 3538 Ursinus
485 3489 517 3536 16
536 3483 646 3536 asinum
665 3482 860 3538 admissarium
878 3502 905 3538 m
961 3490 993 3539 19
1011 3483 1128 3539 tricenis

112 3570 146 3607 ae
164 3554 350 3622 quadragenis
369 3571 395 3607 m
467 3559 500 3606 27
519 3555 630 3622 peperit
647 3570 663 3608 u
