2430 3952
250 226 382 282 RERVM
400 222 638 281 Rvsmcaavn
656 226 725 281 LIB.
739 225 753 278 Ι
768 233 872 282 16-17
1025 227 1069 291 35

54 372 206 455 maiores,
223 375 261 437 ut
279 370 459 436 vindemias
477 392 514 434 ac
527 369 705 454 faenisicia,
725 371 964 454 administrant,
983 371 1069 455 iique

55 482 135 544 quos
160 460 331 525 obaeratos
353 460 459 524 nostri
487 459 670 523 vocitarunt
697 462 731 523 et
758 461 856 524 etiam
883 482 969 524 nunc
992 465 1070 524 sunt

53 551 89 614 in
116 548 199 613 Asia
227 554 324 633 atque
348 547 502 632 Aegypto
531 544 625 612 etin
648 547 778 632 Illyrico
802 549 984 633 conplures.
1029 549 1068 613 de

54 637 172 722 quibus
203 636 364 702 universis
395 635 457 701 hoc
489 635 575 721 dico,
606 639 719 720 gravia
750 637 822 702 loca
853 638 966 701 utilius
999 658 1069 701 esse

29 725 286 791 mercennariis
324 725 431 790 colere
468 746 566 808 quam
604 725 720 809 servis,
754 730 786 790 et
817 727 851 789 in
884 726 1069 790 salubribus

54 835 183 899 qnoque
210 813 290 878 locis
319 834 417 898 opera
444 814 566 878 rustica
596 813 734 896 maiora,
766 818 803 879 ut
831 818 907 879 sunt
935 815 969 879 in
997 836 1069 878 con-

54 901 169 967 dendis
195 900 354 967 fructibus
382 902 563 967 vindemiae
591 906 648 967 aut
674 903 798 967 messis.
844 903 883 967 de
906 903 956 984 iis,
979 904 1098 968 cuiuass

54 991 143 1055 modi
178 1012 248 1055 esse
281 994 444 1074 oporteat,
472 988 604 1055 Cassius
639 991 752 1055 scribit
778 991 872 1056 haec:
906 991 1070 1075 operarios
1147 1045 1150 1050 .

54 1079 218 1163 parandos
241 1100 321 1157 esse,
345 1079 400 1162 qui
422 1079 569 1143 laborem
591 1079 675 1142 ferre
697 1080 841 1162 possint,
864 1103 904 1144 ne
928 1080 1070 1144 minores

16 1191 42 1230 ro
56 1189 217 1233 annorum
240 1186 317 1232 xxn
341 1168 436 1231 etad
461 1168 532 1250 agri
556 1167 716 1232 culturam
740 1168 868 1233 dociles.
907 1190 978 1233 eam
998 1190 1071 1234 oon·

54 1256 214 1321 iecturam
241 1256 312 1320 fieri
339 1277 434 1340 posse
462 1277 500 1319 cx
530 1257 666 1320 aliarum
695 1278 804 1321 rerum
833 1257 1012 1341 imperatis,
1037 1261 1070 1320 et

54 1345 89 1409 in
112 1366 151 1409 eo
176 1366 287 1409 eorum
312 1366 329 1408 e
352 1344 487 1409 noviciis
507 1345 723 1428 requisitione,
747 1346 786 1410 ad
806 1347 948 1429 priorem
968 1346 1070 1410 domi-

53 1455 134 1498 nnm
163 1432 240 1517 quid
267 1433 456 1499 factitarint.
502 1434 663 1516 mancipia
690 1455 760 1498 esse
789 1438 938 1517 oportere
965 1456 1070 1518 neque

53 1521 268 1587 formidulosa
286 1543 389 1605 nequa
408 1522 562 1586 animosa.
592 1522 648 1604 qui
666 1522 811 1604 praesint
826 1544 895 1586 esse
912 1526 1101 1604 oporteret

16 1631 41 1673 u
55 1610 113 1694 qni
136 1609 254 1674 litteris
276 1615 367 1693 atquc
389 1611 498 1695 aliqua
522 1610 587 1673 sint
609 1610 812 1674 humanitate
836 1610 951 1687 inbuti,
974 1610 1070 1694 frugi,

55 1701 166 1763 aetate
198 1698 319 1763 maiora
353 1721 450 1784 quam
484 1699 662 1782 operarios
697 1720 779 1781 quos
811 1698 887 1764 dixi.
941 1699 1069 1763 facilius

55 1787 144 1851 enim
171 1787 212 1850 iis
240 1808 336 1871 quam
357 1789 412 1869 qut
433 1788 559 1851 minore
582 1791 661 1851 natu
685 1791 762 1851 sunt
786 1786 870 1852 dicto
895 1787 1070 1852 audientes.

53 1878 226 1958 praeterea
248 1876 455 1958 potissimum
479 1897 534 1940 eos
552 1897 703 1960 praeesse
722 1880 880 1962 oportere,
901 1877 957 1960 qui
975 1876 1070 1960 periti

54 1963 125 2044 sint
152 1985 262 2028 rerum
290 1965 493 2030 rusticarum.
538 1986 605 2029 non
632 1966 737 2029 solum
761 1966 846 2030 enim
871 1966 986 2030 debere
1010 1965 1071 2028 im-

16 2073 42 2114 ao
54 2072 181 2137 parare,
207 2053 263 2116 sed
287 2054 386 2118 etiam
409 2053 527 2136 facere,
555 2057 592 2117 ut
613 2053 786 2118 facientem
810 2054 956 2119 imitetur
979 2057 1011 2117 et
1034 2058 1070 2117 ut

56 2140 298 2206 animadvertat
335 2164 407 2207 eum
445 2163 517 2206 cum
554 2163 653 2207 causa
686 2143 749 2207 sibi
785 2164 948 2228 praeesse,
986 2142 1071 2227 quod

56 2229 195 2294 scientia
225 2234 379 2313 praestet.
432 2252 536 2314 neque
568 2230 634 2295 illis
668 2232 905 2296 concedendum
936 2233 983 2295 ita
1012 2232 1099 2299 im-5

56 2316 182 2401 parare,
205 2324 242 2381 ut
263 2319 450 2383 verberibus
475 2320 770 2404 coerceantpotius
791 2342 887 2404 quam
907 2320 1024 2402 verbis,
1044 2319 1072 2382 si

56 2406 154 2471 modo
182 2406 268 2470 idem
297 2407 424 2472 efficere
455 2409 570 2490 possis.
620 2430 724 2491 neque
753 2408 897 2471 eiusdem
928 2407 1070 2471 nationis

16 2515 41 2557 aa
54 2495 166 2578 plures
194 2496 357 2577 parandos
377 2518 460 2560 esse:
502 2519 541 2560 ex
565 2518 602 2560 eo
626 2497 711 2559 enim
737 2496 944 2580 potissimum
967 2494 1071 2559 solere

59 2582 257 2647 offensiones
281 2584 474 2650 domesticas
498 2585 577 2649 fieri.
623 2585 804 2668 praefectos
829 2584 1001 2648 alacriores
1025 2583 1072 2646 fa·

59 2671 209 2736 ciendum
241 2674 394 2755 praemiis
428 2675 483 2754 [ad
515 2674 674 2754 facienda]
708 2673 875 2757 dandaque
909 2694 1007 2756 opera
1034 2675 1072 2736 ut

56 2759 205 2824 habeant
236 2762 399 2842 peculium
427 2765 459 2826 et
487 2763 676 2827 coniunctas
705 2783 890 2846 conservas,
914 2783 931 2825 e
955 2762 1071 2845 quibus

56 2847 204 2913 habeant
230 2848 324 2915 filios.
370 2872 408 2915 eo
433 2851 517 2914 enim
546 2851 629 2915 fiunt
656 2851 813 2915 firmiores
836 2873 874 2915 ac
897 2850 1072 2915 coniuncti-

85 3046 89 3053 '
148 3040 344 3096 tobaerarioa
434 3045 463 3097 et
480 3041 566 3096 etiam
586 3045 628 3110 (ut
646 3042 732 3096 etiam
757 3043 795 3110 V)
901 3042 990 3096 4hoc
1009 3041 1071 3095 dico

57 3109 118 3180 (bio
136 3109 201 3165 dico
224 3110 262 3181 V)
378 3117 393 3165 5
413 3112 593 3167 mercenariis
617 3114 824 3181 (mercennariis
846 3115 983 3167 uouuullu
1005 3129 1072 3181 opo-

54 3183 182 3252 praptu)
292 3188 324 3236 12
349 3183 548 3254 requisitione]
575 3184 744 3252 reliquisitio
854 3191 886 3238 13
908 3184 1072 3238 factitarent

59 3256 91 3306 15
112 3255 269 3377 Wlffl-
344 3261 376 3308 17
395 3254 417 3307 ii
436 3271 520 3322 quam
538 3255 645 3309 minore
721 3259 754 3307 18
773 3258 885 3325 oportet
955 3259 988 3309 21
1009 3270 1072 3307 cum

56 3340 157 3378 causas
176 3341 218 3376 11

148 3505 164 3554 2
184 3499 333 3568 obaeratos
351 3518 367 3556 v
477 3508 508 3555 11
528 3501 674 3572 imperatis
698 3505 727 3557 et
748 3501 931 3571 requisitione
955 3502 1071 3558 Ursinus

55 3577 91 3626 2⁵1
111 3573 147 3626 ad
166 3571 297 3626 facienda
315 3573 411 3627 deleuit
429 3573 576 3628 Iucundos

875 3663 911 3715 3*
