2430 3952
109 200 152 264 88
530 197 713 255 VARRONIS

111 346 218 410 insula
236 344 334 410 Melia
358 367 472 430 capras
494 345 645 428 habeant,
669 345 755 429 quod
777 343 824 409 ibi
842 344 976 410 maximi
995 365 1035 411 ac
1054 347 1129 430 pul·

79 435 263 501 teherrimi
287 434 513 499 existimantur
535 434 606 498 fieri
629 433 732 498 haedi.
776 434 814 497 de
839 432 1003 517 emptione
1020 434 1128 500 'aliter

111 523 182 588 dieo
197 528 294 607 atque
309 524 355 606 fit,
370 523 456 608 quod
471 545 585 607 capras
600 544 695 586 sanas
716 543 815 586 sanus
834 544 928 587 nemo
948 523 1126 604 promittit

109 633 287 697 numquam
322 613 409 676 enim
442 612 511 676 sine
538 611 622 676 febri
650 613 734 677 sunt.
786 611 895 695 itaque
923 611 1126 694 stipulantur

110 701 223 784 paucis
247 699 389 783 exeeptis
412 701 534 783 verbis,
564 722 601 764 ac
625 698 778 764 Manilius
802 701 959 784 scriptum
989 700 1126 783 reliquit

110 791 165 871 sic,
196 787 316 853 ‘illasce
345 810 461 872 capras
488 789 585 853 hodie
612 791 698 852 recte
727 809 797 852 esse
825 792 859 853 et
886 789 996 853 bibere
1024 809 1127 871 posse

108 877 293 961 habereque
323 883 399 942 recte
424 877 534 960 licere,
565 877 646 940 haec
674 875 899 961 spondesnel'.
936 876 975 940 de
1003 877 1126 961 quibus

112 965 336 1030 admirandum
360 965 442 1046 illut,
465 966 550 1049 quod
575 965 674 1029 etiam
698 965 877 1029 Archelaus
901 964 1029 1030 scribit:
1058 987 1127 1032 non

110 1054 294 1137 etreliqua
317 1054 472 1117 animalia
496 1055 638 1136 naribus,
661 1054 717 1118 sed
741 1054 873 1118 auribus
897 1054 1048 1138 spiritum
1068 1055 1125 1121 du·

110 1165 181 1207 cere
205 1144 308 1207 solere
330 1144 479 1224 pastores
503 1142 695 1206 curiosiores
719 1143 845 1226 aliquot
866 1141 988 1207 dicunt.
1139 1168 1142 1202 :

80 1241 98 1297 6
199 1230 247 1294 De
272 1231 382 1294 alteris
407 1232 560 1313 quattuor
583 1230 669 1314 quod
693 1236 742 1295 est
765 1230 803 1295 de
826 1234 932 1314 pastu,
954 1230 1018 1296 hoo
1042 1231 1125 1299 dico.

110 1319 293 1383 stabulatur
311 1341 408 1403 pecus
427 1319 551 1401 melius,
570 1319 609 1382 ad
628 1319 781 1385 hibernos
800 1323 929 1384 exortos
943 1319 972 1383 si
988 1324 1126 1405 spectat,

110 1407 194 1492 quod
220 1410 268 1470 est
295 1407 461 1473 alsiosum.
505 1407 547 1490 id,
573 1411 609 1471 ut
632 1409 803 1492 pleraque,
826 1406 933 1491 lapide
956 1412 1014 1472 aut
1036 1412 1126 1474 testa

110 1496 274 1561 substerni
302 1500 444 1580 oportet,
475 1496 596 1579 caprile
627 1517 690 1580 quo
719 1496 826 1560 minus
855 1495 898 1560 sit
921 1497 1126 1583 uliginosum

110 1607 148 1650 ac
170 1585 376 1650 lutulentum.
422 1584 502 1648 foris
526 1606 599 1648 curn
624 1588 674 1649 est
695 1585 962 1669 pernoctandum,
985 1587 1066 1650 item
1088 1587 1142 1651 ini

109 1675 242 1738 eandem
278 1681 404 1757 partem
438 1673 519 1737 caeli
552 1695 634 1757 quae
668 1677 816 1756 spectent
848 1676 961 1756 saepta
993 1677 1126 1759 oportet

110 1763 273 1827 substerni
300 1762 466 1847 virgultis,
495 1782 536 1824 ne
567 1762 763 1826 oblinantur.
808 1784 875 1827 non
897 1762 1003 1826 multo
1027 1762 1126 1828 aliter

108 1851 263 1914 tuendum
290 1851 352 1914 hoc
380 1871 478 1933 pecus
506 1850 540 1913 in
567 1853 664 1934 pastu
694 1853 792 1934 atque
823 1850 973 1929 ovillum,
1008 1851 1124 1935 [quod]

80 1944 221 2006 ‘ttamen
243 1938 366 2001 habent
389 1959 448 2001 sua
470 1940 602 2021 propria
625 1939 797 2021 quaedam,
824 1938 910 2022 quod
932 1939 1044 2023 potius
1068 1941 1123 2005 sil·

109 2027 271 2093 rostribus
300 2026 437 2090 saltibus
465 2027 663 2090 delectantur
690 2049 786 2111 quam
813 2028 926 2111 pratis.
979 2028 1142 2094 studiose:

109 2117 195 2179 enim
232 2115 271 2177 de
311 2114 494 2199 agrestibus
531 2115 701 2179 fruticibus
735 2121 912 2199 pascuntur
948 2119 1047 2200 atque
1088 2117 1125 2182 in

109 2205 189 2269 loeis
210 2203 305 2267 cultis
324 2203 467 2286 virgulta
486 2207 630 2288 carpunt.
658 2204 768 2287 itaque
787 2227 807 2268 a
825 2205 985 2289 carpendo
1005 2226 1124 2290 caprae

109 2293 303 2358 nominatae.
357 2292 398 2356 ab
429 2292 490 2356 hoc
522 2292 557 2354 iu
586 2292 659 2377 lege
692 2293 865 2356 locationis
895 2291 987 2357 fundi
1017 2294 1124 2379 excipi

111 2383 202 2465 solet,
220 2402 261 2445 ne
281 2382 413 2446 colonus
433 2402 531 2464 capra
549 2383 661 2445 natum
680 2381 713 2444 in
732 2381 832 2445 fundo
850 2385 972 2465 pascat.
1004 2381 1124 2447 harum

108 2471 197 2536 enim
221 2469 332 2533 dentes
355 2469 479 2533 inimici
501 2469 646 2549 sationis,
671 2490 751 2553 quas
775 2469 873 2533 etiam
897 2471 1058 2556 astrologi
1074 2472 1142 2537 itai

108 2562 300 2642 receperunt
322 2558 356 2621 in
380 2559 514 2640 caelum,
537 2562 573 2621 ut
598 2561 688 2621 extra
706 2558 849 2621 lembum
869 2557 1038 2623 duodecim
1058 2560 1124 2646 sig·

109 2669 227 2712 norum
250 2646 458 2710 excluserint:
483 2649 560 2710 sunt
579 2645 640 2710 duo
659 2645 755 2709 haedi
774 2649 807 2709 et
825 2668 922 2730 capra
940 2669 1005 2712 non
1023 2648 1123 2734 longe

200 2820 326 2874 lmedia
394 2820 520 2887 3adqus
538 2818 588 2872 fiet
652 2818 849 2874 tmamilibus
867 2819 1030 2890 (manilibus
1052 2821 1123 2892 Pol,

109 2891 270 2946 mamilibus
297 2891 423 2958 plurimo
450 2891 621 2959 apopropte)
694 2896 709 2944 6
737 2890 801 2944 illas
829 2906 927 2960 capras
1000 2897 1016 2946 ‘l
1045 2893 1123 2948 recte

108 2969 172 3018 autc
194 2961 279 3015 licere
303 2976 353 3014 om.
426 2967 441 3014 9
468 2959 590 3014 sitritum
669 2965 702 3013 10
725 2959 841 3029 aliquod
923 2967 955 3017 17
980 2963 1124 3019 substerni

109 3032 241 3102 uirgultis
270 3030 484 3098 (substernimus
511 3031 598 3100 gultis
616 3032 933 3102 plurima,opoprapbu.
970 3034 1123 3090 substerni·

107 3121 170 3157 mus
190 3102 276 3172 gultis
291 3119 359 3157 corr.
386 3103 524 3157 substerni
539 3101 670 3170 uirgultis
684 3104 717 3156 in
735 3104 881 3173 archetypo
898 3104 984 3172 fuisse
1001 3105 1122 3176 viduor)

107 3180 142 3228 21
168 3172 316 3228 fruticibus
344 3173 518 3242 (fructicibus
540 3174 665 3242 plurimo
697 3175 868 3244 opopropba)
1029 3177 1124 3245 adque

108 3252 143 3300 24
162 3261 274 3314 capram
293 3245 390 3297 natum
410 3245 505 3313 (capra
524 3246 621 3297 natum
644 3244 683 3312 V)

197 3410 213 3458 3
236 3404 321 3471 atque
343 3403 375 3456 fit
400 3402 537 3458 Victorius
609 3407 624 3456 t
647 3401 780 3458 Manilius
799 3420 815 3458 o
841 3437 846 3445 -
888 3410 904 3458 6
927 3403 1026 3460 illasee
1047 3405 1123 3461 Pon·

107 3477 199 3531 tedere
221 3477 306 3544 antiq.
326 3492 356 3543 p.
372 3477 429 3530 425
538 3481 552 3529 7
575 3473 736 3543 habereque
761 3476 837 3530 reete
865 3474 950 3530 licere
973 3477 1124 3533 Imauus

107 3553 123 3600 9
143 3545 272 3616 spiritum
291 3563 337 3599 roo
