2430 3952
509 208 716 264 PRAEFATIO
1087 210 1113 264 V

98 354 217 438 pet‘tas
241 375 312 418 esse
336 355 528 419 credendum
552 361 609 436 est,
624 356 662 419 si
683 356 778 419 modo
799 356 936 418 aliorum
955 355 1112 419 librorum

96 442 293 507 auctoritate
317 444 396 507 fides
414 441 553 508 Victorii
576 445 794 508 confirmatur.
823 447 965 508 ceterum
985 449 1018 508 et
1037 443 1111 508 Vic-

94 532 201 596 torius
230 535 263 594 et
290 531 470 596 Politianus
500 533 641 597 codicem
669 535 703 595 in
731 539 876 597 extrema
901 537 993 615 parte
1017 535 1111 596 muti·

96 621 202 685 latum
225 620 396 684 habebant.
443 644 517 685 nam
541 621 718 704 posthaec
741 624 841 686 verba
864 620 914 684 Ill
939 623 996 698 17,
1019 623 1041 685 4
1065 627 1111 685 lu-

96 710 231 774 bicinam
245 730 399 791 praecum,
423 732 504 794 quae
527 714 670 774 extrema
694 732 764 774 esse
788 714 821 773 in
845 711 952 774 codice
977 714 1110 794 uterque

96 798 277 881 adnotavit,
306 799 430 881 reliqua
457 802 526 861 tum
554 818 621 862 non
647 800 854 884 legebantur,
882 799 937 863 sed
966 800 1111 863 abscissa

95 887 283 951 membrana
306 890 478 969 perierant.

185 975 235 1038 Ex
265 998 363 1038 manu
391 977 518 1058 scriptis
541 976 649 1060 libris,
677 976 732 1059 qui
757 978 869 1060 quinto
894 975 1016 1039 decimo
1041 998 1110 1040 sae-

96 1065 168 1128 culo
192 1064 233 1127 ab
255 1063 349 1127 Italis
374 1087 412 1128 ex
435 1064 601 1129 Marciano
625 1065 733 1129 codice
758 1065 911 1148 descripti
934 1069 1018 1146 sunt,
1042 1086 1109 1128 om·

47 1205 49 1208 .
96 1155 186 1218 nium
210 1174 290 1236 quos
313 1153 381 1216 vidi
404 1154 645 1217 accuratissime
669 1175 708 1217 ex
731 1154 910 1236 archetypo
938 1176 1110 1236 expressus

96 1246 146 1304 est
174 1240 474 1305 Laurentianus
506 1242 562 1313 51.
585 1243 607 1305 4
630 1242 829 1324 chartaceus,
859 1243 914 1325 qui
937 1247 1003 1306 tres
1026 1240 1109 1305 Var-

96 1331 184 1394 ronis
208 1331 307 1394 libros
332 1332 485 1414 continet,
509 1330 563 1393 sed
582 1332 716 1394 tertium
736 1333 769 1395 in
789 1332 851 1395 fine
871 1331 985 1395 eodem
1004 1331 1109 1413 modo,

96 1426 191 1503 atque
215 1419 344 1501 inipso
370 1419 547 1502 archetypo
572 1443 590 1483 a
613 1418 776 1483 Politiano
800 1426 833 1482 et
851 1419 999 1484 Victoria
1024 1421 1110 1503 lege-

96 1509 201 1588 batur,
224 1508 411 1571 mutilatum
439 1507 548 1573 habet.
594 1508 736 1571 eiusdem
761 1509 898 1594 generis
925 1508 979 1571 sed
1005 1509 1109 1592 magis

94 1597 209 1662 vitiose
248 1597 388 1680 scriptus
425 1602 476 1661 est
513 1596 611 1671 codex
649 1595 848 1660 (lacaenas
890 1596 1110 1659 bibliothecae

94 1685 345 1749 Malatestianae
369 1686 426 1766 24,
450 1685 471 1749 2
495 1686 775 1766 membranaceus,
805 1687 839 1748 in
863 1706 925 1767 quo
950 1690 1025 1766 post
1049 1682 1109 1749 Oo-

95 1775 247 1837 lumellae
271 1779 304 1837 et
327 1772 461 1839 Catonis
485 1775 586 1838 libros
610 1773 724 1856 scripti
748 1777 824 1837 sunt
844 1773 1003 1838 Varronis
1025 1773 1110 1838 libri.

93 1885 170 1927 nam
201 1863 235 1925 in
262 1863 324 1926 hoc
353 1884 479 1946 quoque
508 1864 622 1927 tertius
651 1863 734 1926 liber
763 1864 903 1946 primum
936 1883 1037 1944 usque
1069 1862 1109 1925 ad

95 1974 133 2015 ea
156 1952 264 2035 verba,
287 1951 322 2013 in
345 1952 460 2034 quibus
479 1950 663 2015 Marcianus
687 1951 786 2015 codex
806 1951 989 2028 desinebat,
1013 1953 1110 2034 scrip-

93 2046 148 2104 tus
169 2044 252 2122 erat3
275 2044 388 2122 postea
407 2041 518 2104 eadem
538 2041 667 2124 quidem
683 2063 789 2122 manu,
809 2040 865 2104 sed
882 2041 946 2104 alio
962 2047 1108 2122 tempore

94 2152 133 2193 ea
161 2150 242 2211 quae
271 2129 404 2193 deerant
431 2130 465 2192 in
493 2133 636 2194 extrema
663 2130 739 2192 libri
768 2135 861 2212 parte
892 2129 1002 2192 addita
1026 2132 1110 2192 sunt.

94 2217 278 2298 antiquiore
305 2224 463 2298 tempore,
499 2239 572 2281 cum
603 2220 766 2302 integrum
794 2218 857 2282 fuit
888 2218 1128 2300 archetypum,v

95 2328 135 2369 ex
166 2326 203 2367 co
232 2304 412 2386 descriptus
442 2309 492 2368 est
518 2305 619 2369 codex
647 2306 854 2370 Parisinus
885 2307 1017 2370 6884Α
1041 2327 1109 2369 om-

93 2395 185 2458 nium
202 2393 256 2476 qui
278 2413 364 2455 nunc
384 2398 557 2474 supersunt
572 2394 717 2457 codicum
733 2395 987 2477 antiquissimus.
1011 2394 1109 2459 tertio

94 2483 219 2547 decimo
248 2480 334 2544 enim
366 2482 494 2545 saeculo
522 2482 574 2544 vel
603 2482 702 2545 etiam
726 2482 786 2545 sub
811 2483 908 2545 finem
932 2483 1110 2546 duodecimi

95 2571 215 2637 sacculi
243 2571 385 2653 scriptus
414 2574 464 2633 est
491 2573 524 2633 et
551 2592 623 2634 cum
653 2566 787 2634 Catonis
817 2570 855 2633 de
885 2571 955 2653 agri
984 2571 1110 2634 cultura

94 2662 178 2725 libro
202 2660 302 2722 habet
323 2663 390 2722 tres
413 2659 515 2723 libros
539 2658 706 2725 Varronis.
751 2659 786 2722 in
814 2659 920 2743 prima
950 2660 1110 2742 scriptura

93 2749 199 2813 multa
217 2749 337 2831 partim
357 2748 398 2811 ab
418 2748 530 2812 eodem
550 2749 708 2833 scriptore
727 2749 847 2832 partim
874 2748 947 2830 alia,
969 2752 1007 2812 ut
1025 2749 1110 2812 vide-

94 2843 157 2919 tur,
189 2859 297 2920 manu,
330 2836 385 2900 sed
419 2837 531 2900 eodem
563 2837 630 2900 fere
663 2840 811 2920 tempore
844 2840 988 2901 correcta
1020 2842 1108 2921 sunt3

96 2928 161 2990 alia
188 2947 263 2989 vero
293 2926 414 2988 recenti
443 2929 548 2989 aetate
577 2926 629 2989 vel
657 2925 691 2988 in
718 2925 798 3009 ipsis
829 2926 934 2989 verbis
963 2931 1109 2990 correcta

95 3017 145 3078 vel
168 3016 202 3077 in
226 3014 428 3097 marginibus
453 3013 617 3095 adscripta
640 3018 724 3079 sunt.
761 3015 802 3078 ad
824 3013 966 3079 Parisini
990 3015 1108 3078 codicis
1171 3048 1173 3052 ⁸

95 3108 235 3168 aetatem
273 3103 419 3184 proxime
457 3103 579 3166 accedit
616 3102 816 3167 Mediceus
853 3105 904 3166 vel
938 3103 1108 3167 Lauren-

94 3194 228 3256 tianus
249 3192 368 3273 30,10,
387 3191 441 3274 qui
460 3196 537 3275 post
551 3191 692 3256 Vitruvii
713 3191 751 3255 dc
772 3192 988 3256 architectura
1007 3193 1108 3256 libros

95 3280 230 3346 Catonis
245 3280 365 3344 librum
381 3279 419 3344 de
430 3280 501 3365 agri
512 3281 640 3344 cultura
654 3284 687 3344 et
701 3279 859 3344 Varronis
875 3281 976 3344 libros
993 3287 1108 3364 quarto

95 3371 218 3434 decimo
243 3369 372 3432 saeculo
396 3370 535 3451 scriptos
558 3369 666 3432 habet.
698 3369 760 3432 hoc
780 3369 857 3432 olim
876 3372 1006 3452 praeter
1024 3369 1109 3432 Mar·

95 3460 222 3523 cianum
246 3457 389 3521 codicem
409 3456 590 3522 Politianus
610 3462 643 3520 et
660 3456 826 3521 Victorius
846 3459 896 3520 usi
916 3461 1000 3522 sunt.
1031 3480 1108 3521 nam

96 3551 129 3612 et
152 3546 335 3610 Politianus
359 3547 393 3609 in
416 3547 619 3631 marginibus
644 3546 786 3610 ciusdem
805 3546 965 3630 editionis
989 3547 1021 3609 in
1046 3569 1109 3631 qua
