2430 3952
152 233 194 297 38
563 231 746 286 vaaaoms

1203 304 1209 388 l

150 377 275 441 imitari
304 377 386 442 alios
415 381 449 441 et
476 377 570 441 aliter
598 380 636 440 ut
658 376 814 440 faciemus
839 376 1037 460 experientia
1061 379 1165 460 temp·
1207 409 1209 431 =

151 470 221 529 tare
246 465 413 550 quaedam,
437 469 615 549 sequentes·
630 486 697 529 non
716 466 830 548 aleam,
854 466 910 529 sed
928 465 1090 529 rationem
1110 465 1166 528 ali·

153 576 263 637 quam:
290 557 327 618 ut
351 555 379 619 sl
402 555 506 633 altius
526 554 833 637 repastinaverimus
858 560 914 618 aut
938 553 1053 617 minus
1069 575 1167 638 quam
1207 571 1209 588 ¹

153 643 219 724 alii,
244 643 327 726 quod
350 647 553 708 momentum
577 664 688 707 cares
711 642 840 725 habeat,
863 645 900 706 ut
922 642 1070 707 fecerunt
1087 641 1113 705 ii
1133 642 1167 705 in

153 731 312 796 sariendo
325 733 441 796 iterum
466 736 498 796 et
521 732 628 815 terti0,
651 736 685 795 et
708 733 763 815 qui
781 731 952 795 insitiones
971 729 1109 795 ficulnas
1129 753 1167 795 ex
1188 747 1198 789 s

153 841 253 883 verno
277 824 422 903 tempore
446 820 479 884 in
504 821 664 884 aestivum
689 821 903 885 contulerunt.

27 934 29 939 ·
111 923 176 976 XIX
244 906 293 972 De
324 909 449 992 reliqua
480 913 572 991 parte
605 909 828 992 instrumenti,
861 908 945 992 quod
976 907 1169 972 semivocale

155 996 329 1080 appellavi,
359 994 497 1061 Saserna
521 997 560 1061 ad
588 997 702 1080 iugera
722 1013 763 1061 cc
784 997 852 1061 arvi
879 998 978 1060 boum
1002 997 1080 1080 iuga
1105 996 1168 1060 dno

155 1087 235 1149 satis
260 1107 330 1149 esse
355 1085 482 1168 scribit,
510 1083 602 1150 Cato
617 1086 651 1148 in
675 1086 786 1150 oliveti
810 1102 899 1150 coxa
923 1084 1044 1169 iugeris
1068 1085 1168 1149 boves

154 1175 268 1238 trinos.
305 1174 353 1237 ita
375 1174 413 1237 fit
436 1177 481 1252 ut,
504 1175 533 1238 si
553 1172 690 1237 Saserna
714 1174 792 1238 dicit
813 1196 933 1257 verum,
956 1173 996 1237 ad
1016 1189 1036 1236 c
1055 1173 1199 1258 iugeraro

154 1263 266 1345 iugum
290 1282 370 1344 opus
395 1262 452 1345 sit,
481 1263 509 1326 si
533 1259 624 1344 Cato,
648 1263 688 1326 ad
712 1266 878 1347 octogena.
926 1262 981 1326 sed
1006 1281 1067 1345 ego
1089 1283 1169 1326 neu·

154 1354 239 1414 trum
264 1350 394 1414 modum
417 1351 534 1415 horum
554 1372 682 1414 omnem
703 1352 742 1415 ad
763 1372 877 1434 agrum
896 1351 1067 1414 convenire
1087 1354 1167 1433 puto

156 1442 187 1502 et
209 1442 382 1523 utrumque
406 1440 446 1503 ad
471 1440 621 1523 aliquem.
658 1441 722 1504 alia
746 1442 830 1504 enim
853 1444 941 1502 terra
964 1438 1091 1503 facilior
1114 1442 1170 1503 aut

125 1527 318 1592 2difficili0r
350 1532 412 1592 est:
447 1528 545 1592 aliam
579 1532 700 1592 terram
732 1529 831 1593 boves
864 1527 1071 1610 proscindere
1104 1528 1169 1592 nisi

155 1616 284 1698 magnis
308 1617 431 1681 viribus
456 1639 522 1681 non
546 1620 683 1700 possunt
706 1621 739 1682 et
763 1638 859 1700 saepe
888 1615 993 1680 fracta
1016 1616 1098 1679 bura
1121 1632 1200 1680 ran

154 1706 306 1788 linquunt
328 1727 492 1769 vomerem
515 1705 551 1768 in
575 1727 661 1770 arvo.
708 1727 771 1789 quo
797 1705 995 1788 sequendum
1018 1704 1114 1768 nobis
1136 1707 1170 1769 in

76 1861 80 1865 ,
156 1793 294 1876 singulis
324 1793 446 1875 fundis,
482 1794 557 1857 dum
589 1815 700 1856 sumus
730 1794 862 1877 novicii,
897 1793 1018 1876 triplici
1048 1794 1170 1878 regula,

156 1881 331 1964 superioris
351 1882 474 1946 domini
495 1882 648 1945 instituto
668 1887 701 1944 et
718 1882 898 1947 vicinorum
919 1886 951 1945 et
970 1883 1170 1965 experientia

126 1969 304 2053 3quadam.
351 1969 436 2051 quod
460 1970 550 2034 addit
577 1971 685 2033 asinos
710 1972 764 2054 qui
793 1975 916 2034 stercus
939 1973 1070 2035 vectent
1090 1974 1169 2054 tres,

157 2058 285 2121 asinum
314 2058 500 2142 molarium,
527 2058 561 2121 in
590 2059 684 2122 vinea
714 2060 861 2142 iugerum
882 2077 901 2124 ο
923 2059 1035 2144 iugum
1061 2058 1202 2142 boum,a

157 2146 319 2209 asinorum
354 2147 479 2230 iugum,
513 2146 640 2210 asinum
674 2147 858 2212 molarium:
892 2149 926 2210 in
957 2147 1019 2211 hoc
1052 2167 1170 2233 genere

158 2234 400 2298 semivocalium
425 2235 624 2299 adiciendum
649 2236 687 2299 de
712 2258 825 2320 pecore
847 2257 885 2300 ea
909 2235 979 2299 sola
998 2257 1080 2319 quae
1100 2236 1172 2321 agri

158 2322 282 2386 colendi
314 2344 412 2387 causa
445 2327 539 2387 erunt
572 2328 605 2388 et
637 2347 719 2408 quae
755 2325 861 2389 solent
894 2346 963 2388 esse
995 2324 1172 2407 peculiaria

157 2433 261 2495 pauca
283 2411 441 2495 habenda,
465 2435 527 2497 quo
551 2412 677 2476 facilius
697 2413 860 2496 mancipia
880 2414 976 2496 [quae
995 2413 1117 2493 solent]
1138 2434 1172 2477 se

156 2500 241 2563 tueri
259 2504 292 2563 et
312 2501 446 2565 adsidua
465 2524 535 2566 esse
553 2501 689 2584 possint.
726 2503 760 2565 in
779 2523 817 2565 eo
836 2522 971 2565 numero
990 2522 1056 2565 non
1073 2502 1203 2566 modos

158 2588 213 2672 qui
236 2593 331 2671 prata
354 2590 489 2672 habent,
518 2593 555 2652 ut
577 2589 686 2672 potius
711 2611 786 2655 oves
810 2612 908 2673 quam
931 2611 1003 2653 sues
1027 2588 1173 2654 habeant

158 2682 281 2759 curant,
297 2676 466 2741 sedetiam
481 2677 536 2760 qui
552 2699 617 2740 non
632 2679 735 2742 solum
751 2682 919 2760 pratorum
929 2700 1026 2742 causa
1038 2677 1172 2762 habent,

157 2769 290 2848 propter
318 2769 450 2831 stercus
496 2766 533 2828 de
561 2765 695 2830 canibus
723 2788 800 2831 vero
828 2767 955 2849 utique,
983 2766 1069 2850 quod
1092 2767 1173 2832 villa

158 2853 227 2916 sine
250 2853 291 2916 iis
315 2875 428 2936 parum
451 2857 532 2919 tuta.

247 3015 262 3062 0
282 3009 311 3062 in
330 3009 442 3063 oliuetis
526 3016 558 3063 10
578 3009 602 3064 si
620 3016 684 3064 oute
703 3010 822 3065 Saserna
845 3028 895 3066 om.
979 3016 1011 3065 11
1032 3027 1102 3080 opus
1122 3012 1172 3084 sit]

158 3096 227 3147 opus
246 3083 289 3133 est
362 3087 395 3135 10
413 3096 541 3134 numeres
613 3087 648 3136 20
667 3080 749 3150 iugus
768 3082 853 3135 boum
911 3087 944 3135 21
965 3082 1173 3136 molendarium

157 3152 303 3220 posteriorc
323 3152 378 3205 loco
419 3157 452 3204 23
473 3153 555 3206 erunt
573 3152 605 3205 ut
624 3151 716 3206 solent
734 3169 794 3206 essa
836 3158 870 3207 27
890 3155 989 3207 curant
1007 3154 1116 3219 (curent
1133 3152 1173 3223 V)
1190 3196 1200 3215 .

158 3227 192 3276 28
211 3221 308 3289 utique
328 3222 403 3290 quod
422 3223 502 3291 (utile
517 3221 592 3291 quod
607 3223 677 3290 Pol,
693 3223 791 3290 utique
805 3223 881 3291 quod
895 3225 961 3278 libri
973 3240 1060 3278 muna
1073 3225 1172 3293 scripti

159 3297 259 3359 omnes)

231 3438 264 3486 10
282 3432 323 3486 ita
346 3433 369 3487 si
393 3433 512 3490 Saserna
531 3435 647 3490 dicit-
663 3452 732 3504 opus
751 3437 794 3489 est
817 3435 998 3491 Schueidcrus
1072 3439 1104 3490 16
1124 3452 1173 3490 vo·

158 3504 393 3629 megponridslloniuo
408 3523 438 3574 p.
457 3511 495 3561 80
574 3510 608 3560 20
626 3506 723 3576 iugum
742 3506 826 3580 boum
844 3523 891 3562 mv
968 3510 1002 3560 21
1022 3506 1173 3598 molarium
