2430 3952
325 216 456 273 RERVM
472 215 712 272 RVSTICARVM
730 217 797 273 LIB.
816 217 843 272 H
863 224 876 272 1
1066 220 1107 284 75

91 363 220 447 partem
258 361 403 426 obtinere
437 361 595 445 pecudum
628 362 772 446 nomina,
807 363 873 426 nisi
906 363 1107 450 adiecissent,

45 458 48 462 ’
90 454 131 516 ιιι
158 452 308 534 quartam
334 452 496 528 tenerent,
528 450 761 533 capricornum.
811 456 979 535 praeterea
1007 474 1026 515 a
1053 475 1106 536 pe·

90 539 210 605 suariis
243 537 435 602 addiderunt
467 559 613 622 capram,
645 538 785 620 haedos,
817 561 921 605 canes.
967 562 1009 603 an
1040 563 1107 606 non

92 627 194 692 etiam
218 627 297 691 item
321 627 356 689 in
378 626 462 691 mari
485 630 636 711 terraque
660 626 701 690 ab
725 627 776 691 his
799 628 985 712 regionibus
1008 633 1105 694 notae

60 718 128 797 ⁵[a
151 735 268 800 pecore
290 715 325 778 in
348 716 461 796 mari],
490 715 576 798 quod
599 715 849 779 nominaverunt
872 739 892 780 a
915 717 1020 819 capris
1042 718 1106 781 Ae·

90 823 212 957 gaeum
230 803 376 886 pelagus,
396 803 436 866 ad
451 800 578 886 Syriam
598 807 689 866 mont
691 825 741 867 em
756 803 936 887 Taurum,
925 827 961 869 ιιι
976 803 1105 870 Sabinis

162 890 305 959 therium
328 895 482 974 montem,
503 890 682 1041 Bosporum
699 913 799 956 unum
818 891 1003 977 Thracium,
1026 895 1105 958 alte-

89 1002 165 1045 rum
188 977 422 1044 Cimmerium?
444 1000 551 1043 nonne
573 980 609 1042 in
632 979 726 1043 terris
750 981 833 1044 mult
819 985 867 1064 ta,
889 984 927 1044 ut
951 982 1105 1064 oppidum
1139 991 1156 1046 9

89 1068 127 1133 in
158 1067 294 1132 Graecia
325 1066 471 1152 Hippion
503 1065 637 1152 Argos?
689 1068 825 1152 denique
857 1091 923 1133 non
955 1068 1053 1133 Italia
1086 1092 1105 1133 a

46 1180 75 1219 ιο
88 1155 225 1222 vitulis?
257 1159 294 1220 ut
312 1155 427 1220 scribit
444 1154 531 1219 Piso.
574 1155 796 1221 Romanorum
815 1179 891 1222 vero
910 1160 1066 1240 populum
1087 1179 1106 1222 a

87 1243 276 1329 pastoribus
299 1264 370 1308 esse
392 1247 500 1309 ortum
524 1245 595 1328 quis
614 1265 680 1308 uon
700 1244 799 1310 dicit?
823 1246 895 1329 quis
913 1246 1104 1311 Faustulum

87 1333 197 1398 nescit
228 1336 393 1417 pastorem
424 1332 526 1396 fuisse
558 1333 746 1410 nutricium,
787 1334 843 1416 qui
870 1333 1045 1399 Romulum
1073 1338 1105 1400 et

88 1420 229 1486 Remum
258 1421 428 1486 educavit?
465 1441 531 1484 non
558 1421 647 1503 ipsos
676 1442 802 1505 quoque
829 1422 930 1486 fuisse
955 1426 1103 1505 pastores

88 1509 262 1592 obtinebit,
282 1509 368 1594 quod
380 1508 543 1573 Parilibus
558 1508 766 1592 potissimum
785 1509 953 1574 condidere
969 1511 1104 1575 urbem?

44 1620 74 1661 ιι
87 1619 157 1663 uon
181 1598 275 1681 idem,
298 1597 384 1680 quod
407 1598 510 1661 multa
533 1598 631 1661 etiam
654 1618 741 1662 nunc
764 1620 802 1660 ex
825 1602 932 1662 vetere
950 1599 1103 1664 instituto

88 1687 196 1753 bubus
224 1689 257 1764 et
284 1687 399 1750 ovibus
428 1685 556 1769 dicitur,
584 1690 617 1749 et
644 1685 729 1768 quod
758 1707 812 1750 aes
843 1687 1103 1769 antiquissimum

87 1774 177 1860 quod
204 1777 254 1838 cst
280 1773 395 1838 flatum
422 1796 536 1858 pecore
564 1778 614 1838 est
641 1776 807 1856 notatum,
840 1780 873 1839 et
900 1774 998 1857 quod,
1026 1776 1103 1841 urbs

86 1885 163 1929 curn
191 1863 323 1928 condita
350 1867 413 1946 est,
440 1867 534 1926 tauro
562 1866 595 1926 et
620 1884 718 1927 vacca
748 1885 812 1946 qua
836 1867 944 1926 essent
966 1865 1049 1928 muri
1073 1867 1105 1927 et
1118 1872 1157 1928 10

85 1954 206 2036 portae
230 1951 428 2054 definitum,
432 1955 464 2014 et
487 1950 586 2035 quod,
609 1951 748 2034 populus
773 1950 939 2016 Romanus
962 1974 1033 2016 cum
1058 1953 1105 2018 lu·

41 2043 214 2105 aestuatur
253 2042 362 2105 suovrt
337 2028 533 2123 taurilibus,
574 2041 837 2124 circumaguntur
874 2062 980 2104 verres
1021 2041 1104 2105 aries

84 2133 217 2212 taurus,
246 2132 281 2192 et
308 2127 394 2212 quod
421 2129 553 2193 nomina
581 2129 684 2192 multa
713 2128 869 2192 habemus
898 2128 1004 2193 ablu
990 2134 1104 2212 troque

84 2237 213 2302 pecore,
236 2238 255 2280 a
278 2237 400 2280 murore
424 2221 457 2280 et
481 2221 710 2282 ammoneo
727 2218 845 2281 uolnere
863 2215 1006 2300 Porcius,
1030 2217 1104 2282 Ovi·

20 2318 28 2331 ’
83 2306 173 2389 nius,
196 2303 372 2390 (laprilius3
410 2305 456 2369 sic
480 2327 500 2368 a
522 2305 644 2369 maiore
667 2303 829 2387 Equitius,
858 2304 1006 2387 Taurius,
1028 2306 1103 2370 Asi-

83 2395 181 2460 nius:
216 2394 297 2459 idem
325 2393 521 2478 cognomina
551 2392 776 2476 adsignificare
806 2392 921 2475 [quod]
945 2394 1103 2475 dicuntur,

40 2504 71 2546 as
84 2485 125 2547 ut
147 2483 237 2547 Anni
262 2479 457 2565 Caprae,t
419 2480 478 2545 Sta
479 2481 530 2544 tili
553 2480 662 2564 Tauri,
684 2478 920 2564 Pomponit
862 2480 904 2546 Vi
906 2481 979 2544 tuli:
1013 2480 1102 2546 sica

82 2570 264 2658 pecudibus
288 2569 345 2633 alii
362 2569 468 2635 multi.

176 2658 325 2724 Relicum
357 2661 407 2722 est
439 2658 477 2722 de
510 2658 646 2722 scientia
677 2657 846 2740 pastorali,
878 2656 916 2721 de
949 2679 1011 2742 qua
1049 2660 1099 2722 est
1115 2664 1153 2719 11

83 2747 271 2830 dicendum,
302 2747 386 2831 quod
411 2745 525 2810 Scrofa
552 2750 675 2828 noster,
704 2745 754 2810 eui
783 2745 863 2810 haec
886 2750 976 2810 aetas
1000 2746 1103 2810 defert

176 2903 321 2957 ateneret
389 2907 462 2956 3an
480 2901 547 2970 non]
567 2917 640 2955 anno
705 2902 895 2969 ‘lBosporum
914 2918 964 2959 om.
1027 2903 1103 2956 8ci-

81 2972 207 3028 merium
279 2973 434 3040 tdenique
454 2971 585 3026 incitalia
658 2977 690 3025 17
709 2971 786 3026 urbis
868 2978 900 3027 18
919 2990 990 3042 quae
1009 2975 1104 3027 essent

83 3050 121 3099 19
144 3044 312 3099 lustraretur
402 3048 437 3097 22
461 3060 478 3098 a
501 3042 609 3097 minore
631 3043 709 3096 semel
731 3043 865 3110 scripturn
936 3048 970 3098 23
990 3043 1102 3098 Asinius

80 3115 162 3170 idem
180 3131 230 3170 om.
285 3121 321 3169 24
336 3113 525 3183 adsignificari
579 3119 614 3167 26
632 3111 719 3183 Anni]
740 3112 818 3167 anini
874 3113 973 3185 Vituli]
992 3113 1099 3169 uitulos

176 3274 341 3328 ttenerent
359 3274 506 3328 leccardus
596 3277 669 3324 tan
686 3289 777 3326 nono
868 3279 1040 3341 tapecore
1058 3275 1101 3327 ia-

81 3345 168 3400 cluso
188 3344 324 3400 Guneus
370 3345 537 3411 lmontem,
556 3342 731 3412 Bosphorum
750 3359 870 3397 unumo
918 3348 950 3396 17
970 3342 1036 3397 urbs
1054 3359 1101 3398 mo

83 3421 120 3471 18
139 3431 197 3483 qua
216 3418 310 3469 essent
330 3415 465 3469 Garamas
569 3420 601 3467 19
625 3414 762 3468 lustratur
781 3414 928 3469 Iucundos
1031 3418 1065 3466 22
1084 3431 1102 3468 a

80 3485 193 3540 maiore
221 3488 250 3541 et
275 3501 293 3539 a
320 3485 439 3552 minore,
475 3501 493 3539 a
519 3482 627 3540 minore
655 3485 803 3539 leucadas
909 3489 944 3538 26
971 3483 1058 3537 Annii
1084 3501 1101 3539 o

79 3561 120 3612 26
138 3555 226 3611 uituli
242 3558 299 3612 cod.
319 3555 385 3611 Par.
