<?xml version="1.0" encoding="UTF-8"?>
<!DOCTYPE html PUBLIC "-//W3C//DTD XHTML 1.0 Transitional//EN"
    "http://www.w3.org/TR/xhtml1/DTD/xhtml1-transitional.dtd">
<html xmlns="http://www.w3.org/1999/xhtml" xml:lang="en" lang="en">
 <head>
  <title>
</title>
<meta http-equiv="Content-Type" content="text/html;charset=utf-8" />
  <meta name='ocr-system' content='tesseract 3.04.00' />
  <meta name='ocr-capabilities' content='ocr_page ocr_carea ocr_par ocr_line ocrx_word'/>
</head>
<body>
  <div class='ocr_page' id='page_1' title='image "./mterentivarroni01keilgoog/mterentivarroni01keilgoog_0090.png"; bbox 0 0 2430 3952; ppageno 0'>
   <div class='ocr_carea' id='block_1_1' title="bbox 199 226 1014 296">
    <p class='ocr_par' dir='ltr' id='par_1_1' title="bbox 199 226 1014 296">
     <span class='ocr_line' id='line_1_1' title="bbox 199 226 1014 296; baseline 0.007 -15"><span class='ocrx_word' id='word_1_1' title='bbox 199 226 328 282; x_wconf 81' lang='lat' dir='ltr'><strong>RERVM</strong></span> <span class='ocrx_word' id='word_1_2' title='bbox 346 228 583 284; x_wconf 77' lang='lat' dir='ltr'><strong>RVSTIGARVM</strong></span> <span class='ocrx_word' id='word_1_3' title='bbox 601 229 668 284; x_wconf 86' lang='lat' dir='ltr'><strong>LIB.</strong></span> <span class='ocrx_word' id='word_1_4' title='bbox 683 229 696 282; x_wconf 96' lang='lat' dir='ltr'>I</span> <span class='ocrx_word' id='word_1_5' title='bbox 710 235 815 286; x_wconf 82' lang='grc'><strong>65-69</strong></span> <span class='ocrx_word' id='word_1_6' title='bbox 972 232 1014 296; x_wconf 83' lang='grc'><strong>69</strong></span> 
     </span>
    </p>
   </div>
   <div class='ocr_carea' id='block_1_2' title="bbox 41 373 1043 2057">
    <p class='ocr_par' dir='ltr' id='par_1_2' title="bbox 41 373 1015 635">
     <span class='ocr_line' id='line_1_2' title="bbox 41 373 1015 462; baseline 0.004 -25"><span class='ocrx_word' id='word_1_7' title='bbox 41 373 72 437; x_wconf 85' lang='lat' dir='ltr'><strong>ri</strong></span> <span class='ocrx_word' id='word_1_8' title='bbox 94 376 285 458; x_wconf 83' lang='lat' dir='ltr'><strong>possunt,u</strong></span> <span class='ocrx_word' id='word_1_9' title='bbox 264 375 391 438; x_wconf 86' lang='lat' dir='ltr'><strong>uttum</strong></span> <span class='ocrx_word' id='word_1_10' title='bbox 414 374 547 454; x_wconf 82' lang='lat' dir='ltr'><strong>vendas,</strong></span> <span class='ocrx_word' id='word_1_11' title='bbox 575 395 648 439; x_wconf 92' lang='lat' dir='ltr'><strong>cum</strong></span> <span class='ocrx_word' id='word_1_12' title='bbox 672 374 790 438; x_wconf 86' lang='lat' dir='ltr'><strong>caritas</strong></span> <span class='ocrx_word' id='word_1_13' title='bbox 814 378 872 440; x_wconf 87' lang='lat' dir='ltr'><strong>est.</strong></span> <span class='ocrx_word' id='word_1_14' title='bbox 919 398 1015 462; x_wconf 85' lang='lat' dir='ltr'>saepe</span> 
     </span>
     <span class='ocr_line' id='line_1_3' title="bbox 42 460 1014 550; baseline 0.004 -25"><span class='ocrx_word' id='word_1_15' title='bbox 42 461 89 525; x_wconf 90' lang='lat' dir='ltr'><strong>irn</strong></span> <span class='ocrx_word' id='word_1_16' title='bbox 112 460 234 527; x_wconf 87' lang='lat' dir='ltr'><strong>diutius</strong></span> <span class='ocrx_word' id='word_1_17' title='bbox 257 465 386 527; x_wconf 62' lang='lat' dir='ltr'><strong>sauata</strong></span> <span class='ocrx_word' id='word_1_18' title='bbox 408 484 475 528; x_wconf 92' lang='lat' dir='ltr'><strong>non</strong></span> <span class='ocrx_word' id='word_1_19' title='bbox 498 462 594 528; x_wconf 88' lang='lat' dir='ltr'><strong>medo</strong></span> <span class='ocrx_word' id='word_1_20' title='bbox 618 483 749 526; x_wconf 87' lang='lat' dir='ltr'><strong>usuram</strong></span> <span class='ocrx_word' id='word_1_21' title='bbox 774 463 932 550; x_wconf 85' lang='lat' dir='ltr'><strong>adiciunt,</strong></span> <span class='ocrx_word' id='word_1_22' title='bbox 959 465 1014 530; x_wconf 92' lang='lat' dir='ltr'><strong>sed</strong></span> 
     </span>
     <span class='ocr_line' id='line_1_4' title="bbox 41 549 848 635; baseline 0.001 -21"><span class='ocrx_word' id='word_1_23' title='bbox 41 550 104 615; x_wconf 83' lang='lat' dir='ltr'><strong>ism</strong></span> <span class='ocrx_word' id='word_1_24' title='bbox 125 549 212 615; x_wconf 84' lang='lat' dir='ltr'><strong>fruct</strong></span> <span class='ocrx_word' id='word_1_25' title='bbox 197 552 268 614; x_wconf 87' lang='lat' dir='ltr'><strong>tum</strong></span> <span class='ocrx_word' id='word_1_26' title='bbox 291 550 465 634; x_wconf 88' lang='lat' dir='ltr'><strong>duplicant,</strong></span> <span class='ocrx_word' id='word_1_27' title='bbox 489 551 517 615; x_wconf 89' lang='lat' dir='ltr'><strong>si</strong></span> <span class='ocrx_word' id='word_1_28' title='bbox 539 555 684 635; x_wconf 90' lang='lat' dir='ltr'><strong>tempore</strong></span> <span class='ocrx_word' id='word_1_29' title='bbox 707 573 848 634; x_wconf 84' lang='lat' dir='ltr'><strong>promas.</strong></span> 
     </span>
    </p>

    <p class='ocr_par' dir='ltr' id='par_1_3' title="bbox 41 635 1043 2057">
     <span class='ocr_line' id='line_1_5' title="bbox 92 635 1043 723; baseline 0.005 -21"><span class='ocrx_word' id='word_1_30' title='bbox 92 635 174 703; x_wconf 81' lang='lat' dir='ltr'><strong>Oum</strong></span> <span class='ocrx_word' id='word_1_31' title='bbox 197 639 277 704; x_wconf 82' lang='lat' dir='ltr'><strong>haec</strong></span> <span class='ocrx_word' id='word_1_32' title='bbox 299 639 427 723; x_wconf 89' lang='lat' dir='ltr'><strong>diceret,</strong></span> <span class='ocrx_word' id='word_1_33' title='bbox 404 640 539 704; x_wconf 88' lang='lat' dir='ltr'><strong>tvenit</strong></span> <span class='ocrx_word' id='word_1_34' title='bbox 562 639 698 704; x_wconf 84' lang='lat' dir='ltr'><strong>libertus</strong></span> <span class='ocrx_word' id='word_1_35' title='bbox 718 640 804 704; x_wconf 85' lang='lat' dir='ltr'><strong>aedit</strong></span> <span class='ocrx_word' id='word_1_36' title='bbox 790 641 873 704; x_wconf 91' lang='lat' dir='ltr'><strong>tumi</strong></span> <span class='ocrx_word' id='word_1_37' title='bbox 893 641 932 705; x_wconf 84' lang='lat' dir='ltr'><strong>ad</strong></span> <span class='ocrx_word' id='word_1_38' title='bbox 951 651 1043 708; x_wconf 82' lang='lat' dir='ltr'><strong>nos2</strong></span> 
     </span>
     <span class='ocr_line' id='line_1_6' title="bbox 42 728 1015 814; baseline 0.004 -24"><span class='ocrx_word' id='word_1_39' title='bbox 42 749 83 792; x_wconf 91' lang='lat' dir='ltr'><strong>ns</strong></span> <span class='ocrx_word' id='word_1_40' title='bbox 106 731 141 793; x_wconf 91' lang='lat' dir='ltr'><strong>et</strong></span> <span class='ocrx_word' id='word_1_41' title='bbox 162 731 299 813; x_wconf 80' lang='lat' dir='ltr'><strong>rogatu</strong></span> <span class='ocrx_word' id='word_1_42' title='bbox 300 730 555 814; x_wconf 83' lang='lat' dir='ltr'><strong>tignoscamus,</strong></span> <span class='ocrx_word' id='word_1_43' title='bbox 583 728 670 811; x_wconf 93' lang='lat' dir='ltr'><strong>quod</strong></span> <span class='ocrx_word' id='word_1_44' title='bbox 700 729 801 793; x_wconf 89' lang='lat' dir='ltr'><strong>simus</strong></span> <span class='ocrx_word' id='word_1_45' title='bbox 825 731 958 812; x_wconf 89' lang='lat' dir='ltr'><strong>retenti,</strong></span> <span class='ocrx_word' id='word_1_46' title='bbox 982 734 1015 794; x_wconf 87' lang='lat' dir='ltr'><strong>et</strong></span> 
     </span>
     <span class='ocr_line' id='line_1_7' title="bbox 63 814 1015 904; baseline 0.003 -24"><span class='ocrx_word' id='word_1_47' title='bbox 63 815 94 880; x_wconf 93' lang='lat' dir='ltr'><strong>ei</strong></span> <span class='ocrx_word' id='word_1_48' title='bbox 117 816 152 880; x_wconf 94' lang='lat' dir='ltr'><strong>in</strong></span> <span class='ocrx_word' id='word_1_49' title='bbox 173 816 270 881; x_wconf 77' lang='lat' dir='ltr'><strong>funus</strong></span> <span class='ocrx_word' id='word_1_50' title='bbox 293 814 449 901; x_wconf 77' lang='lat' dir='ltr'><strong>postridie</strong></span> <span class='ocrx_word' id='word_1_51' title='bbox 472 816 675 900; x_wconf 84' lang='lat' dir='ltr'><strong>prodeamus.</strong></span> <span class='ocrx_word' id='word_1_52' title='bbox 712 839 826 881; x_wconf 88' lang='lat' dir='ltr'><strong>omnes</strong></span> <span class='ocrx_word' id='word_1_53' title='bbox 849 821 1015 904; x_wconf 85' lang='lat' dir='ltr'><strong>consurgi-</strong></span> 
     </span>
     <span class='ocr_line' id='line_1_8' title="bbox 41 905 1014 1008; baseline 0.003 -40"><span class='ocrx_word' id='word_1_54' title='bbox 41 926 74 969; x_wconf 90' lang='lat' dir='ltr'><strong>us</strong></span> <span class='ocrx_word' id='word_1_55' title='bbox 109 925 146 969; x_wconf 84' lang='lat' dir='ltr'><strong>ac</strong></span> <span class='ocrx_word' id='word_1_56' title='bbox 178 905 274 969; x_wconf 90' lang='lat' dir='ltr'><strong>simul</strong></span> <span class='ocrx_word' id='word_1_57' title='bbox 306 907 537 984; x_wconf 80' lang='lat' dir='ltr'><strong>exclamamus,</strong></span> <span class='ocrx_word' id='word_1_58' title='bbox 570 905 721 990; x_wconf 77' lang='lat' dir='ltr'><strong>‘&#39;quid?</strong></span> <span class='ocrx_word' id='word_1_59' title='bbox 712 928 746 969; x_wconf 91' lang='grc' dir='ltr'><strong>ιιι</strong></span> <span class='ocrx_word' id='word_1_60' title='bbox 775 906 895 971; x_wconf 79' lang='lat' dir='ltr'><strong>funus?</strong></span> <span class='ocrx_word' id='word_1_61' title='bbox 929 908 1014 1008; x_wconf 82' lang='lat' dir='ltr'><strong>quod</strong></span> 
     </span>
     <span class='ocr_line' id='line_1_9' title="bbox 41 955 1013 1079; baseline 0.002 -21"><span class='ocrx_word' id='word_1_62' title='bbox 41 990 123 1058; x_wconf 84' lang='lat' dir='ltr'><strong>uus?</strong></span> <span class='ocrx_word' id='word_1_63' title='bbox 155 993 231 1079; x_wconf 88' lang='lat' dir='ltr'><strong>quid</strong></span> <span class='ocrx_word' id='word_1_64' title='bbox 255 996 304 1059; x_wconf 87' lang='lat' dir='ltr'><strong>est</strong></span> <span class='ocrx_word' id='word_1_65' title='bbox 326 994 393 1060; x_wconf 80' lang='lat' dir='ltr'><strong>fact</strong></span> <span class='ocrx_word' id='word_1_66' title='bbox 394 994 484 1060; x_wconf 84' lang='lat' dir='ltr'><strong>um?&#39;</strong></span> <span class='ocrx_word' id='word_1_67' title='bbox 516 955 571 1059; x_wconf 85' lang='lat' dir='ltr'><strong>ille</strong></span> <span class='ocrx_word' id='word_1_68' title='bbox 594 993 675 1059; x_wconf 85' lang='lat' dir='ltr'><strong>fiens</strong></span> <span class='ocrx_word' id='word_1_69' title='bbox 702 999 816 1059; x_wconf 86' lang='lat' dir='ltr'><strong>narrat</strong></span> <span class='ocrx_word' id='word_1_70' title='bbox 839 996 880 1059; x_wconf 87' lang='lat' dir='ltr'><strong>ab</strong></span> <span class='ocrx_word' id='word_1_71' title='bbox 904 996 1013 1060; x_wconf 89' lang='lat' dir='ltr'><strong>nescio</strong></span> 
     </span>
     <span class='ocr_line' id='line_1_10' title="bbox 41 1083 1015 1187; baseline -0.003 -36.981"><span class='ocrx_word' id='word_1_72' title='bbox 41 1105 66 1150; x_wconf 94' lang='lat' dir='ltr'><strong>o</strong></span> <span class='ocrx_word' id='word_1_73' title='bbox 101 1104 290 1187; x_wconf 83' lang='lat' dir='ltr'><strong>percussum</strong></span> <span class='ocrx_word' id='word_1_74' title='bbox 325 1084 457 1149; x_wconf 87' lang='lat' dir='ltr'><strong>cultello</strong></span> <span class='ocrx_word' id='word_1_75' title='bbox 489 1083 683 1169; x_wconf 78' lang='lat' dir='ltr'><strong>concidisse,</strong></span> <span class='ocrx_word' id='word_1_76' title='bbox 717 1106 812 1168; x_wconf 90' lang='lat' dir='ltr'><strong>quem</strong></span> <span class='ocrx_word' id='word_1_77' title='bbox 843 1086 899 1168; x_wconf 89' lang='lat' dir='ltr'><strong>qui</strong></span> <span class='ocrx_word' id='word_1_78' title='bbox 929 1087 1015 1149; x_wconf 88' lang='lat' dir='ltr'><strong>esset</strong></span> 
     </span>
     <span class='ocr_line' id='line_1_11' title="bbox 41 1172 1012 1256; baseline 0 -18"><span class='ocrx_word' id='word_1_79' title='bbox 41 1172 287 1238; x_wconf 86' lang='lat' dir='ltr'><strong>imadvertere</strong></span> <span class='ocrx_word' id='word_1_80' title='bbox 278 1177 344 1238; x_wconf 89' lang='grc' dir='ltr'>ιιιι</span> <span class='ocrx_word' id='word_1_81' title='bbox 329 1173 425 1238; x_wconf 84' lang='lat' dir='ltr'><strong>turba</strong></span> <span class='ocrx_word' id='word_1_82' title='bbox 441 1194 508 1237; x_wconf 92' lang='lat' dir='ltr'><strong>non</strong></span> <span class='ocrx_word' id='word_1_83' title='bbox 527 1174 680 1256; x_wconf 88' lang='lat' dir='ltr'><strong>potuisse,</strong></span> <span class='ocrx_word' id='word_1_84' title='bbox 699 1173 754 1236; x_wconf 88' lang='lat' dir='ltr'><strong>sed</strong></span> <span class='ocrx_word' id='word_1_85' title='bbox 768 1176 841 1237; x_wconf 86' lang='lat' dir='ltr'><strong>tant</strong></span> <span class='ocrx_word' id='word_1_86' title='bbox 842 1196 896 1237; x_wconf 92' lang='lat' dir='ltr'><strong>um</strong></span> <span class='ocrx_word' id='word_1_87' title='bbox 916 1172 1012 1238; x_wconf 90' lang='lat' dir='ltr'><strong>modo</strong></span> 
     </span>
     <span class='ocr_line' id='line_1_12' title="bbox 42 1261 1043 1348; baseline 0.002 -22"><span class='ocrx_word' id='word_1_88' title='bbox 42 1261 171 1327; x_wconf 79' lang='lat' dir='ltr'><strong>audisse</strong></span> <span class='ocrx_word' id='word_1_89' title='bbox 195 1283 315 1348; x_wconf 81' lang='lat' dir='ltr'><strong>rocem,</strong></span> <span class='ocrx_word' id='word_1_90' title='bbox 336 1284 504 1347; x_wconf 81' lang='lat' dir='ltr'><strong>perperam</strong></span> <span class='ocrx_word' id='word_1_91' title='bbox 527 1261 651 1326; x_wconf 91' lang='lat' dir='ltr'><strong>fecisse.</strong></span> <span class='ocrx_word' id='word_1_92' title='bbox 696 1262 780 1345; x_wconf 87' lang='lat' dir='ltr'><strong>ipse,</strong></span> <span class='ocrx_word' id='word_1_93' title='bbox 805 1284 878 1326; x_wconf 91' lang='lat' dir='ltr'><strong>eum</strong></span> <span class='ocrx_word' id='word_1_94' title='bbox 903 1264 1014 1345; x_wconf 77' lang='lat' dir='ltr'><strong>patro</strong></span> <span class='ocrx_word' id='word_1_95' title='bbox 1026 1272 1043 1328; x_wconf 84' lang='lat'>3</span> 
     </span>
     <span class='ocr_line' id='line_1_13' title="bbox 41 1330 1014 1434; baseline -0.001 -19"><span class='ocrx_word' id='word_1_96' title='bbox 41 1372 80 1415; x_wconf 88' lang='lat' dir='ltr'><strong>un</strong></span> <span class='ocrx_word' id='word_1_97' title='bbox 105 1330 237 1416; x_wconf 85' lang='lat' dir='ltr'><strong>deinum</strong></span> <span class='ocrx_word' id='word_1_98' title='bbox 260 1374 313 1417; x_wconf 91' lang='lat' dir='ltr'><strong>sus</strong></span> <span class='ocrx_word' id='word_1_99' title='bbox 315 1353 445 1417; x_wconf 88' lang='lat' dir='ltr'><strong>tulisset</strong></span> <span class='ocrx_word' id='word_1_100' title='bbox 464 1353 497 1415; x_wconf 92' lang='lat' dir='ltr'><strong>t</strong></span> <span class='ocrx_word' id='word_1_101' title='bbox 464 1372 632 1434; x_wconf 90' lang='lat' dir='ltr'><strong>pueros</strong></span> <span class='ocrx_word' id='word_1_102' title='bbox 651 1350 837 1434; x_wconf 78' lang='lat' dir='ltr'><strong>dimisisset,</strong></span> <span class='ocrx_word' id='word_1_103' title='bbox 814 1354 897 1415; x_wconf 88' lang='lat' dir='ltr'><strong>tut</strong></span> <span class='ocrx_word' id='word_1_104' title='bbox 915 1350 1014 1415; x_wconf 92' lang='lat' dir='ltr'><strong>medi-</strong></span> 
     </span>
     <span class='ocr_line' id='line_1_14' title="bbox 41 1439 1015 1524; baseline -0.002 -19"><span class='ocrx_word' id='word_1_105' title='bbox 41 1462 77 1505; x_wconf 90' lang='lat' dir='ltr'><strong>m</strong></span> <span class='ocrx_word' id='word_1_106' title='bbox 106 1441 309 1524; x_wconf 77' lang='lat' dir='ltr'><strong>requirerent</strong></span> <span class='ocrx_word' id='word_1_107' title='bbox 335 1463 373 1506; x_wconf 92' lang='lat' dir='ltr'><strong>ac</strong></span> <span class='ocrx_word' id='word_1_108' title='bbox 402 1444 528 1505; x_wconf 86' lang='lat' dir='ltr'><strong>mature</strong></span> <span class='ocrx_word' id='word_1_109' title='bbox 556 1439 765 1521; x_wconf 83' lang='lat' dir='ltr'><strong>adducerent,</strong></span> <span class='ocrx_word' id='word_1_110' title='bbox 793 1440 878 1523; x_wconf 94' lang='lat' dir='ltr'><strong>quod</strong></span> <span class='ocrx_word' id='word_1_111' title='bbox 905 1439 1015 1522; x_wconf 91' lang='lat' dir='ltr'><strong>potius</strong></span> 
     </span>
     <span class='ocr_line' id='line_1_15' title="bbox 41 1527 1016 1614; baseline -0.003 -21"><span class='ocrx_word' id='word_1_112' title='bbox 41 1536 79 1593; x_wconf 82' lang='grc' dir='ltr'><strong>ιιι</strong></span> <span class='ocrx_word' id='word_1_113' title='bbox 97 1528 367 1614; x_wconf 86' lang='lat' dir='ltr'><strong>administrasset,</strong></span> <span class='ocrx_word' id='word_1_114' title='bbox 386 1551 482 1614; x_wconf 88' lang='lat' dir='ltr'><strong>quam</strong></span> <span class='ocrx_word' id='word_1_115' title='bbox 502 1528 543 1593; x_wconf 88' lang='lat' dir='ltr'><strong>ad</strong></span> <span class='ocrx_word' id='word_1_116' title='bbox 562 1549 623 1592; x_wconf 88' lang='lat' dir='ltr'><strong>nos</strong></span> <span class='ocrx_word' id='word_1_117' title='bbox 642 1527 795 1610; x_wconf 82' lang='lat' dir='ltr'><strong>venisset,</strong></span> <span class='ocrx_word' id='word_1_118' title='bbox 814 1549 926 1592; x_wconf 89' lang='lat' dir='ltr'><strong>aecum</strong></span> <span class='ocrx_word' id='word_1_119' title='bbox 945 1548 1016 1591; x_wconf 87' lang='lat' dir='ltr'><strong>esse</strong></span> 
     </span>
     <span class='ocr_line' id='line_1_16' title="bbox 41 1616 1017 1702; baseline -0.004 -20"><span class='ocrx_word' id='word_1_120' title='bbox 41 1617 67 1682; x_wconf 77' lang='lat' dir='ltr'><strong>ri</strong></span> <span class='ocrx_word' id='word_1_121' title='bbox 89 1617 224 1702; x_wconf 83' lang='lat' dir='ltr'><strong>ignosci</strong></span> <span class='ocrx_word' id='word_1_122' title='bbox 269 1639 328 1683; x_wconf 89' lang='lat' dir='ltr'><strong>nec</strong></span> <span class='ocrx_word' id='word_1_123' title='bbox 347 1618 375 1682; x_wconf 92' lang='lat' dir='ltr'><strong>si</strong></span> <span class='ocrx_word' id='word_1_124' title='bbox 398 1640 471 1682; x_wconf 91' lang='lat' dir='ltr'><strong>eum</strong></span> <span class='ocrx_word' id='word_1_125' title='bbox 495 1638 623 1682; x_wconf 82' lang='lat' dir='ltr'><strong>servare</strong></span> <span class='ocrx_word' id='word_1_126' title='bbox 647 1638 711 1680; x_wconf 91' lang='lat' dir='ltr'><strong>non</strong></span> <span class='ocrx_word' id='word_1_127' title='bbox 734 1616 910 1698; x_wconf 85' lang='lat' dir='ltr'><strong>potuisset,</strong></span> <span class='ocrx_word' id='word_1_128' title='bbox 938 1616 1017 1700; x_wconf 89' lang='lat' dir='ltr'><strong>quin</strong></span> 
     </span>
     <span class='ocr_line' id='line_1_17' title="bbox 41 1703 1015 1790; baseline -0.004 -20"><span class='ocrx_word' id='word_1_129' title='bbox 41 1728 70 1770; x_wconf 84' lang='lat' dir='ltr'><strong>ur</strong></span> <span class='ocrx_word' id='word_1_130' title='bbox 92 1706 198 1772; x_wconf 85' lang='lat' dir='ltr'><strong>multo</strong></span> <span class='ocrx_word' id='word_1_131' title='bbox 221 1710 297 1790; x_wconf 85' lang='lat' dir='ltr'><strong>post</strong></span> <span class='ocrx_word' id='word_1_132' title='bbox 319 1707 460 1771; x_wconf 87' lang='lat' dir='ltr'><strong>animam</strong></span> <span class='ocrx_word' id='word_1_133' title='bbox 484 1706 618 1785; x_wconf 84' lang='lat' dir='ltr'><strong>efflaret,</strong></span> <span class='ocrx_word' id='word_1_134' title='bbox 641 1709 751 1768; x_wconf 88' lang='lat' dir='ltr'><strong>tamen</strong></span> <span class='ocrx_word' id='word_1_135' title='bbox 774 1708 890 1788; x_wconf 87' lang='lat' dir='ltr'><strong>putare</strong></span> <span class='ocrx_word' id='word_1_136' title='bbox 914 1725 948 1768; x_wconf 89' lang='lat' dir='ltr'><strong>se</strong></span> <span class='ocrx_word' id='word_1_137' title='bbox 970 1703 1015 1766; x_wconf 84' lang='lat' dir='ltr'><strong>fe-</strong></span> 
     </span>
     <span class='ocr_line' id='line_1_18' title="bbox 41 1792 1014 1877; baseline -0.005 -17"><span class='ocrx_word' id='word_1_138' title='bbox 41 1816 86 1861; x_wconf 77' lang='lat' dir='ltr'><strong>rse</strong></span> <span class='ocrx_word' id='word_1_139' title='bbox 110 1799 195 1861; x_wconf 84' lang='lat' dir='ltr'><strong>recte</strong></span> <span class='ocrx_word' id='word_1_140' title='bbox 214 1794 279 1877; x_wconf 87' lang='lat' dir='ltr'><strong>[L].</strong></span> <span class='ocrx_word' id='word_1_141' title='bbox 315 1817 382 1861; x_wconf 92' lang='lat' dir='ltr'><strong>non</strong></span> <span class='ocrx_word' id='word_1_142' title='bbox 405 1796 541 1860; x_wconf 87' lang='lat' dir='ltr'><strong>moleste</strong></span> <span class='ocrx_word' id='word_1_143' title='bbox 564 1795 705 1859; x_wconf 87' lang='lat' dir='ltr'><strong>ferentes</strong></span> <span class='ocrx_word' id='word_1_144' title='bbox 730 1793 951 1858; x_wconf 90' lang='lat' dir='ltr'><strong>descendimus</strong></span> <span class='ocrx_word' id='word_1_145' title='bbox 976 1792 1014 1856; x_wconf 90' lang='lat' dir='ltr'><strong>de</strong></span> 
     </span>
     <span class='ocr_line' id='line_1_19' title="bbox 41 1881 1015 1967; baseline -0.003 -19"><span class='ocrx_word' id='word_1_146' title='bbox 41 1883 82 1948; x_wconf 90' lang='lat' dir='ltr'><strong>de</strong></span> <span class='ocrx_word' id='word_1_147' title='bbox 106 1887 140 1948; x_wconf 90' lang='lat' dir='ltr'><strong>et</strong></span> <span class='ocrx_word' id='word_1_148' title='bbox 162 1883 201 1948; x_wconf 91' lang='lat' dir='ltr'><strong>de</strong></span> <span class='ocrx_word' id='word_1_149' title='bbox 224 1906 302 1949; x_wconf 85' lang='lat' dir='ltr'><strong>casu</strong></span> <span class='ocrx_word' id='word_1_150' title='bbox 328 1885 469 1949; x_wconf 86' lang='lat' dir='ltr'><strong>humano</strong></span> <span class='ocrx_word' id='word_1_151' title='bbox 497 1884 603 1967; x_wconf 82' lang='lat' dir='ltr'><strong>magis</strong></span> <span class='ocrx_word' id='word_1_152' title='bbox 628 1885 813 1967; x_wconf 89' lang='lat' dir='ltr'><strong>querentes,</strong></span> <span class='ocrx_word' id='word_1_153' title='bbox 841 1903 939 1965; x_wconf 85' lang='lat' dir='ltr'><strong>quam</strong></span> <span class='ocrx_word' id='word_1_154' title='bbox 962 1881 1015 1946; x_wconf 85' lang='lat' dir='ltr'><strong>ad-</strong></span> 
     </span>
     <span class='ocr_line' id='line_1_20' title="bbox 41 1972 882 2057; baseline -0.001 -21"><span class='ocrx_word' id='word_1_155' title='bbox 41 1973 162 2038; x_wconf 84' lang='lat' dir='ltr'><strong>irantes</strong></span> <span class='ocrx_word' id='word_1_156' title='bbox 184 1972 217 2037; x_wconf 92' lang='lat' dir='ltr'><strong>id</strong></span> <span class='ocrx_word' id='word_1_157' title='bbox 240 1972 364 2039; x_wconf 89' lang='lat' dir='ltr'><strong>Romae</strong></span> <span class='ocrx_word' id='word_1_158' title='bbox 385 1974 519 2057; x_wconf 87' lang='lat' dir='ltr'><strong>factum,</strong></span> <span class='ocrx_word' id='word_1_159' title='bbox 543 1972 736 2037; x_wconf 86' lang='lat' dir='ltr'><strong>discedimus</strong></span> <span class='ocrx_word' id='word_1_160' title='bbox 761 1993 882 2037; x_wconf 87' lang='lat' dir='ltr'><strong>omnes.</strong></span> 
     </span>
    </p>
   </div>
   <div class='ocr_carea' id='block_1_3' title="bbox 41 2148 1062 2377">
    <p class='ocr_par' dir='ltr' id='par_1_4' title="bbox 41 2148 1062 2377">
     <span class='ocr_line' id='line_1_21' title="bbox 95 2148 1062 2248; baseline -0.004 -30"><span class='ocrx_word' id='word_1_161' title='bbox 95 2171 126 2218; x_wconf 90' lang='lat'><strong>11</strong></span> <span class='ocrx_word' id='word_1_162' title='bbox 146 2164 216 2219; x_wconf 81' lang='lat' dir='ltr'><strong>fecit</strong></span> <span class='ocrx_word' id='word_1_163' title='bbox 225 2181 262 2248; x_wconf 34' lang='lat' dir='ltr'><strong>‘se</strong></span> <span class='ocrx_word' id='word_1_164' title='bbox 279 2165 339 2234; x_wconf 86' lang='lat' dir='ltr'><strong>ipse</strong></span> <span class='ocrx_word' id='word_1_165' title='bbox 395 2172 427 2220; x_wconf 82' lang='grc'><strong>16</strong></span> <span class='ocrx_word' id='word_1_166' title='bbox 446 2165 561 2234; x_wconf 84' lang='lat' dir='ltr'><strong>putaret</strong></span> <span class='ocrx_word' id='word_1_167' title='bbox 617 2170 649 2219; x_wconf 79' lang='lat'><strong>19</strong></span> <span class='ocrx_word' id='word_1_168' title='bbox 668 2161 802 2218; x_wconf 88' lang='lat' dir='ltr'><strong>Varronis</strong></span> <span class='ocrx_word' id='word_1_169' title='bbox 820 2179 913 2216; x_wconf 90' lang='lat' dir='ltr'><strong>rerum</strong></span> <span class='ocrx_word' id='word_1_170' title='bbox 931 2161 1016 2215; x_wconf 82' lang='lat' dir='ltr'><strong>ruati-</strong></span> <span class='ocrx_word' id='word_1_171' title='bbox 1052 2148 1062 2163; x_wconf 83' lang='grc'><strong>’</strong></span> 
     </span>
     <span class='ocr_line' id='line_1_22' title="bbox 41 2232 1016 2318; baseline -0.006 -27"><span class='ocrx_word' id='word_1_172' title='bbox 41 2253 99 2291; x_wconf 87' lang='lat' dir='ltr'><strong>rum</strong></span> <span class='ocrx_word' id='word_1_173' title='bbox 120 2235 156 2290; x_wconf 87' lang='lat' dir='ltr'><strong>de</strong></span> <span class='ocrx_word' id='word_1_174' title='bbox 173 2235 235 2318; x_wconf 75' lang='lat' dir='ltr'><strong>agri</strong></span> <span class='ocrx_word' id='word_1_175' title='bbox 252 2235 363 2290; x_wconf 83' lang='lat' dir='ltr'><strong>cultura</strong></span> <span class='ocrx_word' id='word_1_176' title='bbox 380 2235 479 2291; x_wconf 82' lang='lat' dir='ltr'><strong>liberi</strong></span> <span class='ocrx_word' id='word_1_177' title='bbox 493 2234 617 2318; x_wconf 84' lang='lat' dir='ltr'><strong>explicit.</strong></span> <span class='ocrx_word' id='word_1_178' title='bbox 658 2235 748 2289; x_wconf 89' lang='lat' dir='ltr'><strong>Marci</strong></span> <span class='ocrx_word' id='word_1_179' title='bbox 766 2232 871 2288; x_wconf 89' lang='lat' dir='ltr'><strong>terenti</strong></span> <span class='ocrx_word' id='word_1_180' title='bbox 889 2233 1016 2287; x_wconf 82' lang='lat' dir='ltr'><strong>uarronis</strong></span> 
     </span>
     <span class='ocr_line' id='line_1_23' title="bbox 41 2304 730 2377; baseline -0.003 -17"><span class='ocrx_word' id='word_1_181' title='bbox 41 2324 97 2361; x_wconf 81' lang='lat' dir='ltr'><strong>mm</strong></span> <span class='ocrx_word' id='word_1_182' title='bbox 115 2306 285 2362; x_wconf 78' lang='lat' dir='ltr'><strong>rusticarum</strong></span> <span class='ocrx_word' id='word_1_183' title='bbox 303 2307 338 2362; x_wconf 92' lang='lat' dir='ltr'><strong>de</strong></span> <span class='ocrx_word' id='word_1_184' title='bbox 356 2323 387 2360; x_wconf 89' lang='lat' dir='ltr'><strong>re</strong></span> <span class='ocrx_word' id='word_1_185' title='bbox 405 2307 537 2377; x_wconf 83' lang='lat' dir='ltr'><strong>pecuaria</strong></span> <span class='ocrx_word' id='word_1_186' title='bbox 555 2305 688 2375; x_wconf 87' lang='lat' dir='ltr'><strong>incipitl.</strong></span> <span class='ocrx_word' id='word_1_187' title='bbox 703 2304 730 2358; x_wconf 93' lang='lat' dir='ltr'><strong>II</strong></span> 
     </span>
    </p>
   </div>
   <div class='ocr_carea' id='block_1_4' title="bbox 96 2463 840 2537">
    <p class='ocr_par' dir='ltr' id='par_1_5' title="bbox 96 2463 840 2537">
     <span class='ocr_line' id='line_1_24' title="bbox 96 2463 840 2537; baseline -0.003 -18"><span class='ocrx_word' id='word_1_188' title='bbox 96 2471 129 2520; x_wconf 92' lang='lat'><strong>11</strong></span> <span class='ocrx_word' id='word_1_189' title='bbox 149 2481 297 2537; x_wconf 88' lang='lat' dir='ltr'><strong>perperam</strong></span> <span class='ocrx_word' id='word_1_190' title='bbox 314 2466 450 2522; x_wconf 82' lang='lat' dir='ltr'><strong>fecissev</strong></span> <span class='ocrx_word' id='word_1_191' title='bbox 524 2471 558 2520; x_wconf 75' lang='grc'><strong>16</strong></span> <span class='ocrx_word' id='word_1_192' title='bbox 576 2465 676 2534; x_wconf 84' lang='lat' dir='ltr'><strong>putare</strong></span> <span class='ocrx_word' id='word_1_193' title='bbox 694 2463 840 2518; x_wconf 74' lang='lat' dir='ltr'><strong>Iucundos</strong></span> 
     </span>
    </p>
   </div>
   <div class='ocr_carea' id='block_1_5' title="bbox 0 0 1220 3952">
    <p class='ocr_par' dir='ltr' id='par_1_6' title="bbox 0 0 1220 3952">
     <span class='ocr_line' id='line_1_25' title="bbox 0 0 1220 3952; baseline 0 0"><span class='ocrx_word' id='word_1_194' title='bbox 0 0 1220 3952; x_wconf 95' lang='lat' dir='ltr'><strong> </strong></span> 
     </span>
    </p>
   </div>
  </div>
 </body>
</html>
