2430 3952
129 207 193 272 102
539 207 726 263 VARRONIS

25 425 33 430 ,
128 375 200 418 oum
229 353 369 418 Lucieno
398 353 547 436 redisset,
575 352 662 436 Ego,
685 353 802 436 inquit,
827 353 865 417 de
889 353 988 416 asinis
1012 352 1143 438 potissi·

127 464 216 506 mum
236 443 349 522 dicam,
372 442 458 525 quod
477 464 548 506 sum
563 441 728 524 Reatinus,
747 443 803 506 ubi
822 442 938 524 optimi
957 446 990 505 et
1007 441 1144 506 maximi

127 531 219 613 fiunt,
244 553 260 595 e
285 553 347 615 quo
372 531 507 595 seminio
531 551 592 614 ego
615 531 668 594 hic
692 531 859 614 procreavi
882 530 990 614 pullos
1010 535 1043 594 et
1061 530 1143 614 ipsis

80 619 308 684 ·2Arcadibus
329 619 455 684 vendidi
476 619 677 702 aliquotiens.
704 620 804 702 igitur
824 619 988 683 asinorum
1007 639 1144 704 gregem

128 709 183 792 qui
211 709 315 772 facere
343 709 413 772 vult
440 709 576 790 bonum,
603 707 743 791 primum
771 707 944 772 videndum
974 713 1012 772 ut
1033 730 1143 774 mares
1170 729 1182 770 s

127 796 327 880 feminasque
355 797 441 861 bona
465 800 571 861 aetate
595 800 716 874 sumat,
744 798 870 880 utrique
893 801 930 860 ut
954 818 1052 880 quarn
1075 797 1144 861 diu-

127 885 251 949 tissime
266 886 408 950 fructum
423 886 506 950 ferre
521 886 659 968 possint:
683 886 803 967 firmos,
822 885 973 949 omnibus
990 885 1143 968 partibus

126 973 292 1052 honestos,
317 995 451 1057 corpore
476 974 596 1057 amplo,
620 974 757 1038 seminio
781 976 881 1057 bono,
912 995 951 1036 ex
974 974 1025 1037 his
1049 975 1142 1058 locis,

126 1063 211 1126 unde
240 1064 364 1146 optumi
393 1066 524 1143 exeunt,
552 1063 637 1146 quod
660 1063 799 1144 faciunt,
828 1062 1044 1144 Peloponnesi
1067 1084 1142 1127 cum

126 1151 335 1234 potissimum
359 1173 413 1215 eos
438 1173 476 1214 ex
500 1151 640 1215 Arcadia
663 1155 788 1233 emant,
822 1151 856 1214 in
877 1150 974 1214 Italia
997 1173 1036 1214 ex
1061 1172 1142 1236 agro
1157 1174 1183 1214 ro

126 1239 273 1303 Reatino.
318 1260 384 1304 non
413 1241 512 1323 enirn,
541 1241 568 1303 si
597 1261 747 1304 murenae
772 1240 914 1322 optimae
936 1239 1036 1303 flutae
1063 1244 1143 1304 sunt

126 1327 161 1390 in
185 1325 295 1391 Sicilia
318 1331 351 1391 et
373 1328 485 1411 helops
511 1333 550 1392 ad
568 1327 719 1410 Rhodon,
743 1328 896 1392 continuo
919 1329 954 1391 hi
977 1328 1082 1410 pisces
1107 1330 1143 1392 in

97 1415 215 1480 3omni
248 1416 330 1479 mari
364 1417 487 1481 similes
519 1421 707 1482 nascuntur.
759 1417 874 1481 horum
909 1437 1027 1501 genera
1060 1417 1141 1482 duo:

126 1526 226 1567 unum
249 1505 367 1589 ferum,
396 1528 476 1590 quos
500 1510 617 1571 vocant
641 1527 799 1590 onagros,
827 1511 861 1570 et
883 1506 918 1568 in
940 1504 1085 1590 Phrygia
1109 1510 1142 1570 et

125 1592 288 1676 Lycaonia
312 1599 388 1658 sunt
410 1615 524 1679 greges
548 1595 657 1678 multi3
694 1596 831 1658 alterum
854 1598 1074 1677 mansuetum,
1104 1599 1142 1660 ut
1155 1617 1181 1658 ιε

126 1683 258 1746 suntin
282 1682 379 1746 Italia
403 1705 523 1747 omnes.
569 1684 608 1747 ad
639 1684 885 1747 seminationem
908 1703 1049 1767 onagrus
1072 1684 1140 1749 ido·

124 1792 215 1852 neus,
245 1772 330 1854 quod
359 1776 391 1835 et
418 1794 435 1835 a
462 1772 530 1838 fero
558 1773 595 1835 fit
617 1776 804 1836 mansuetus
836 1771 930 1836 facile
954 1775 987 1835 et
1010 1794 1028 1835 e
1050 1794 1141 1837 man·

126 1862 216 1922 sueto
249 1859 336 1923 ferus
369 1882 554 1944 numquam.
608 1860 693 1942 quod
725 1861 847 1924 similes
881 1865 1053 1943 parentum
1087 1882 1140 1946 ge·

124 1950 262 2028 nuntur,
291 1948 430 2031 eligendi
459 1953 491 2012 et
515 1969 584 2012 mas
612 1954 645 2011 et
671 1949 793 2013 femina
820 1970 893 2013 eum
919 1949 1080 2032 dignitate
1102 1953 1141 2015 ut

125 2035 177 2099 sit.
219 2036 252 2098 in
276 2037 446 2100 mercando
466 2037 546 2100 item
565 2046 601 2100 ut
620 2041 744 2101 ceterae
763 2037 900 2120 pecudes
920 2037 1140 2120 emptionibus
1154 2060 1182 2100 so

125 2126 158 2186 et
180 2124 411 2188 traditionibus
440 2124 607 2189 dominum
634 2130 774 2208 mutant,
803 2130 835 2190 et
863 2126 901 2190 de
931 2127 1070 2190 sanitate
1102 2148 1141 2192 ac

94 2219 210 2275 4noxa
238 2212 321 2276 solet
349 2215 463 2278 caveri.
509 2215 674 2278 commode
701 2219 878 2299 pascuntur
905 2214 992 2278 farre
1017 2220 1050 2279 et
1073 2215 1140 2279 fur·

124 2299 249 2364 furibus
280 2301 476 2368 hordeaceis.
529 2303 743 2367 admittuntur
776 2308 851 2368 ente
884 2303 1071 2387 solstitium,
1103 2309 1142 2369 ut

125 2389 237 2453 eodem
261 2394 406 2475 ternpore
431 2391 562 2455 alterius
582 2392 658 2457 anni
677 2392 818 2475 pariant:
843 2391 1032 2457 duodecimo
1053 2393 1140 2457 enim

125 2499 235 2542 mense
264 2483 453 2562 conceptum
484 2502 593 2544 semen
620 2481 766 2545 reddunt.
817 2485 1010 2564 praegnates
1041 2502 1139 2564 opere
1153 2500 1180 2542 ss

124 2567 247 2631 levant:
271 2571 382 2631 venter
397 2570 483 2633 enim
497 2569 607 2633 labore
625 2570 790 2633 nationem
809 2570 915 2633 reddit
938 2568 1139 2634 deteriorem.

124 2677 246 2719 marem
273 2679 340 2721 non
369 2656 547 2740 deiungunt
570 2659 610 2721 ab
635 2679 748 2741 opere,
773 2658 859 2741 quod
881 2657 1072 2722 remissione
1094 2659 1140 2722 la·
1181 2702 1185 2709 -

124 2744 213 2807 boris
246 2745 284 2807 fit
317 2745 465 2811 deterior.
516 2745 550 2809 in
582 2752 679 2830 partu
711 2746 824 2810 eadem
855 2747 922 2810 fere
955 2747 1139 2830 observant,

125 2852 206 2914 quae
238 2833 272 2895 in
305 2834 404 2917 equis.
455 2834 631 2898 secundum
664 2839 794 2917 partum
821 2836 928 2919 pullos
958 2857 1043 2899 anno
1071 2857 1140 2899 non

123 2925 291 2985 removent
315 2925 470 2986 amatre.
514 2923 661 3006 proximo
686 2945 770 2988 anno
793 2924 943 3013 noctibus
969 2922 1140 3008 patiuntur
1153 2944 1181 2984 ao

215 3095 416 3150 lreddidisset
523 3096 620 3168 oqui]
640 3098 708 3166 quin
758 3159 759 3162 Ἴ
817 3097 941 3166 ‘lpossit
1053 3103 1086 3151 10
1104 3114 1140 3152 ex

123 3164 353 3220 arcadiemebant
371 3169 416 3236 (ex
435 3168 548 3221 arcadia
568 3169 699 3223 emebant
722 3168 761 3239 V)
845 3174 877 3221 11
898 3167 1023 3238 optimae
1044 3167 1138 3223 alutae

125 3242 159 3288 14
178 3237 210 3289 ut
223 3243 287 3306 post
306 3254 425 3306 onagros
444 3255 494 3295 om.
531 3243 565 3292 28
584 3239 629 3310 fit]
649 3239 689 3294 sic
759 3238 874 3308 inpastu

214 3395 367 3468 lredisset
384 3432 411 3468 m
518 3420 534 3468 5
563 3414 612 3482 qui
638 3413 731 3469 facere
758 3431 805 3469 me
834 3421 859 3470 et
885 3416 952 3470 libri
972 3416 1139 3470 'recentiores

123 3489 139 3537 7
159 3485 269 3552 possint
286 3502 333 3539 mo
399 3490 433 3538 10
452 3488 547 3540 emant
565 3487 647 3540 editio
666 3486 834 3541 Basileeeee's
852 3504 878 3541 a.
899 3489 970 3541 1521
1035 3491 1067 3540 11
1086 3484 1139 3538 llu-

122 3557 168 3608 tae
188 3572 203 3609 o
276 3561 311 3610 28
330 3556 362 3610 fit
381 3555 504 3610 deterior
521 3573 537 3612 e
609 3557 639 3610 in
656 3559 740 3627 partu
758 3559 815 3612 cod.
837 3557 904 3611 Par.
