2430 3952
289 186 295 198 ·
317 189 447 244 annun
465 156 786 244 ruscimannus.
805 188 852 244 12
1050 188 1092 252 15

78 334 216 420 proinde
240 337 278 397 ut
300 332 405 416 capite
429 331 543 397 darent
565 355 702 417 poenas3
733 337 846 398 contra
868 336 905 397 ut
926 332 1092 398 Minervae

79 424 208 507 caprini
231 420 359 505 generis
382 420 466 485 nihil
488 422 684 487 inmolarent
705 425 838 506 propter
862 423 974 505 oleam,
1007 421 1092 504 quod

78 534 153 577 eam
186 532 283 594 quam
317 509 449 573 laeserit
474 509 545 574 fieri
575 509 685 576 dicunt
716 511 871 575 sterilem:
909 511 977 574 eius
1006 510 1091 573 enim

79 599 218 666 salivam
242 620 312 662 esse
335 596 472 662 fructuis
490 620 649 664 venenum
669 599 739 680 [L]t
763 600 824 663 hoc
842 599 973 662 nomine
992 599 1146 662 etiamne
1200 639 1203 644 -

51 687 219 752 sAthenis
252 688 288 750 in
316 707 422 750 arcem
450 708 516 750 non
543 687 638 771 inigi,
670 690 896 771 praeterquam
924 688 1024 750 semel
1052 686 1092 750 ad

77 776 300 842 necessarium
324 773 525 859 sacrificium,
548 797 588 840 ne
613 776 710 840 arbor
733 777 818 859 olea,
847 797 927 859 quac
951 775 1091 857 primum

77 865 198 930 dicitur
220 863 266 928 ibi
288 867 375 942 nata,
400 885 419 927 a
442 884 540 946 capra
563 865 656 948 tangi
683 864 799 948 possit.
834 863 903 928 Nec
926 865 1021 947 ullae,
1045 863 1092 926 in·

77 974 186 1037 quam,
208 950 345 1036 pecudes
369 952 610 1035 agriculturae
634 956 711 1016 sunt
732 953 900 1035 propriae,
923 951 986 1015 nisi
1010 973 1092 1036 quae
1140 1006 1146 1018 .

78 1061 206 1124 agrum*
224 1061 334 1124 opere,
361 1061 423 1122 quo
448 1040 565 1104 cultior
588 1041 643 1120 sit,
673 1040 838 1123 adiuvare,
866 1044 903 1104 ut
929 1061 985 1103 eae
1009 1061 1091 1123 quae

51 1131 210 1194 ciunctae
235 1149 326 1192 arare
348 1131 495 1210 possunt.
538 1126 706 1214 Agrasius,
729 1127 764 1193 Si
786 1130 869 1193 istuc
891 1129 939 1191 ita
962 1130 1020 1211 est,
1043 1128 1142 1191 ium

77 1217 159 1303 quit,
188 1238 251 1301 quo
281 1214 378 1280 modo
401 1237 498 1299 pecus
521 1218 678 1281 removeri
700 1221 810 1301 potest
834 1217 874 1280 ab
899 1237 991 1301 egro,
1018 1237 1092 1280 cum

77 1309 219 1388 stercus,
249 1304 334 1389 quod
358 1304 534 1388 plurimum
556 1306 697 1389 prodest,
721 1326 835 1389 greges
857 1326 1011 1388 pecorum
1034 1304 1092 1367 mi·

74 1392 242 1460 nistrent?
268 1389 329 1475 sic,
351 1393 456 1476 inquit
478 1391 608 1476 Agrius,
631 1394 794 1458 venalium
816 1413 930 1477 greges
951 1393 1092 1456 dicemus

75 1482 335 1566 agriculturam
359 1502 444 1564 esse,
472 1482 500 1544 si
527 1485 660 1566 propter
688 1483 786 1546 istam
816 1503 885 1545 rem
907 1481 1091 1544 habendum

51 1570 300 1637 istatuerimus.
338 1568 394 1632 sed
414 1591 504 1633 error
521 1570 606 1653 hine,
629 1570 714 1653 quod
738 1591 836 1652 pecus
859 1569 894 1632 in
918 1590 997 1653 agro
1022 1589 1092 1632 esse

75 1660 246 1742 potcstet
268 1657 391 1721 fructus
415 1658 449 1720 in
473 1679 510 1721 eo
535 1679 614 1742 agro
638 1661 733 1741 ferre,
759 1657 845 1741 quod
868 1678 934 1721 non
958 1677 1091 1739 sequen·

75 1747 165 1810 dum.
202 1767 279 1809 nam
303 1746 349 1810 sic
366 1747 471 1809 etiam
494 1768 546 1810 res
569 1747 652 1810 aliae
671 1747 817 1811 diversae
837 1746 877 1808 ab
897 1766 977 1829 agro
997 1748 1092 1808 erunt

74 1834 304 1916 adsumendae,
323 1837 361 1897 ut
379 1834 406 1897 si
424 1834 525 1898 habet
543 1836 651 1918 plures
670 1835 705 1897 in
723 1834 824 1898 fundo
838 1838 980 1898 textores
995 1837 1092 1917 atque

75 1923 248 1987 institutos
272 1922 431 2006 histonas,
456 1923 502 1987 sic
526 1923 607 1987 alios
632 1922 780 1987 artifices.

51 2032 64 2072 a
170 2007 296 2093 Scrofa,
322 2009 539 2095 Diiungamus
566 2012 681 2095 igitur,
710 2012 829 2095 inquit,
860 2011 1044 2094 pastionem
1073 2031 1092 2072 a

76 2100 222 2183 cultura,
249 2102 282 2162 et
305 2099 407 2182 siquis
431 2100 508 2183 quid
531 2100 602 2164 vult
625 2099 711 2164 aliud
737 2100 859 2180 [aliud]
904 2100 999 2162 Anne
1023 2104 1143 2181 ego‚22

76 2188 228 2270 inquam,
260 2208 377 2269 sequar
406 2185 615 2268 Sasernarum
647 2189 750 2271 patris
783 2193 817 2251 et
844 2188 890 2251 fili
923 2188 1024 2251 libros
1055 2207 1107 2250 ac.

77 2275 185 2359 magis
203 2277 315 2357 putem
335 2275 505 2358 pertinere,
524 2276 666 2360 figilinas
687 2298 782 2360 quem
802 2276 988 2339 admodum
1004 2297 1090 2338 exer·

79 2364 144 2427 ceri
169 2366 328 2446 oporteat,
352 2386 449 2447 quam
473 2366 600 2448 argenti
623 2364 750 2428 fodinas
774 2368 831 2428 aut
854 2364 919 2427 alia
942 2365 990 2443 [ct
1013 2362 1089 2441 alia]

51 2451 223 2533 metalla,
246 2472 327 2534 quae
351 2454 420 2516 sine
444 2452 541 2516 dubio
565 2452 598 2515 in
622 2452 730 2535 aliquo
755 2472 833 2535 agro
852 2451 957 2514 fiunt?
981 2450 1036 2513 sed
1056 2454 1092 2513 ut
1105 2455 1143 2512 23

78 2560 183 2624 neque
211 2538 405 2622 lapidicinae
433 2562 537 2624 neque
565 2541 752 2605 harenariae
776 2541 816 2604 ad
840 2540 1092 2624 agriculturam
1124 2579 1127 2584 -

78 2628 252 2711 pertinent,
281 2628 327 2692 sic
354 2629 509 2713 sigilinae.
553 2651 656 2713 neque
685 2629 758 2692 ideo
781 2650 846 2692 non
869 2629 902 2690 in
925 2649 988 2711 quo
1013 2648 1092 2711 agro

78 2715 216 2780 idoneae
251 2721 389 2798 possunt
421 2738 491 2781 esse
523 2738 589 2781 non
617 2717 825 2796 exercendae,
858 2718 954 2800 atque
985 2737 1024 2778 ex
1052 2716 1092 2777 iis

79 2803 228 2887 capiendi
251 2804 389 2869 fructus:
413 2807 450 2869 ut
473 2806 581 2888 etiam,
605 2806 632 2869 si
656 2826 733 2889 ager
756 2803 928 2869 secundum
952 2803 1038 2867 viam
1060 2808 1093 2866 et

51 2896 285 2976 copportunus
308 2893 489 2957 viatoribus
508 2893 608 2976 locus,
631 2893 848 2958 aedificandae
866 2893 1021 2956 tabernae
1041 2891 1092 2954 de-

79 2980 256 3062 vorsoriae,
278 3001 361 3062 quae
380 2985 497 3060 tamen,
523 2981 668 3066 quamvis
689 2982 755 3046 sint
773 2982 966 3058 fructuosae,
990 2979 1101 3066 nihilo

169 3159 256 3208 'tneo
274 3154 369 3208 nullae
425 3160 459 3209 10
477 3155 549 3210 istuc
568 3155 655 3224 (istud
672 3156 776 3234 opopa)
831 3159 864 3207 22
885 3152 936 3206 filii
990 3158 1025 3205 24
1044 3154 1093 3205 aut

80 3224 135 3277 alia
158 3227 189 3279 et
212 3222 270 3278 alia
293 3229 323 3279 et
344 3225 401 3279 alia
425 3242 497 3294 quae
606 3232 640 3280 26
664 3242 807 3280 arenariae
832 3223 1006 3292 (harenariae
1026 3239 1091 3290 apo-

79 3295 186 3364 proptu
204 3297 365 3365 recentiora)
415 3301 449 3351 28
469 3296 527 3351 exis
547 3296 643 3366 (exiis
663 3297 700 3366 V)
756 3302 790 3350 30
810 3303 963 3365 oportunus
979 3298 1092 3362 (oppor-

80 3367 163 3418 tunus
188 3365 229 3432 V)
303 3366 474 3422 diuersoriae
493 3366 683 3438 (deuorsoriae
701 3368 759 3422 eod.
780 3367 860 3435 Par.)

169 3531 185 3579 ‘1
204 3541 257 3580 nee
275 3524 385 3581 ullaeo
458 3533 492 3581 24
511 3529 561 3582 aut
579 3526 636 3581 alia
654 3526 803 3580 metallao
