2430 3952
273 213 404 269 RERVM
422 213 661 270 RVSTIOARVM
678 213 746 269 LlB.
766 214 793 268 II
812 219 879 269 7-8
1022 215 1085 280 107

54 359 205 444 ‘farrago
234 359 304 425 dari
333 361 425 424 solet.
471 361 551 424 haec
579 361 665 424 enim
692 359 843 443 purgatio
867 361 1006 425 maxime
1029 383 1086 425 nc-

70 447 214 514 cessaria
246 449 363 534 equino
395 450 514 532 pecori.
569 450 655 533 quod
689 448 801 513 diebus
835 449 943 512 decern
979 449 1085 514 facere

65 541 211 620 oportet,
242 558 302 602 nec
335 539 405 621 pati
438 538 539 626 alium
572 538 676 602 ullum
709 537 814 601 cibum
849 542 990 620 gustare.
1043 541 1084 603 ab
1097 546 1138 603 14

68 625 239 691 undecimo
277 626 327 691 die
361 649 463 711 usque
496 627 536 690 ad
568 630 719 710 quartum
753 625 909 690 decimum
943 626 1083 691 dandum

38 714 236 798 shordeum,
265 715 383 780 cotidie
411 716 603 780 adicientem
628 714 827 780 minutatim:
857 715 943 797 quod
966 721 1083 798 quarto

68 803 121 869 dic
145 802 274 886 feceris,
303 805 338 868 in
367 825 404 868 eo
429 804 539 869 decem
562 804 673 869 diebus
697 803 854 888 proximis
879 805 1083 870 manendum.

68 892 111 956 ab
140 914 179 957 eo
206 895 352 976 tempore
380 893 583 958 mediocriter
607 892 816 957 exercendum
840 895 885 974 et,
914 914 985 957 cum
1010 915 1083 957 con·

68 980 203 1062 sudarit,
225 982 491 1067 perunguendum
520 982 600 1047 elec.
646 982 674 1044 si
701 981 803 1065 frigus
828 982 897 1062 erit,
927 983 960 1045 in
984 983 1083 1066 equili

66 1068 232 1134 faciendus
251 1070 347 1155 ignis.
384 1072 458 1155 equi
478 1070 562 1153 quod
582 1070 638 1134 alii
656 1073 734 1146 sunt
753 1069 792 1133 ad
815 1091 883 1133 rem
907 1070 1135 1135 militarem15

27 1157 1084 1242 mfflmffiwmmmffiwmmmssmd

67 1268 250 1330 cursuram,
289 1269 355 1311 non
386 1248 465 1311 item
499 1251 576 1311 sunt
609 1248 777 1330 spectandi
804 1252 901 1330 atque
931 1247 1083 1313 habendi.

66 1335 178 1419 itaque
204 1337 328 1419 peritus
356 1336 435 1400 belli
463 1337 544 1400 alios
573 1335 667 1420 eligit
694 1341 791 1419 atque
820 1336 879 1399 alit
908 1357 945 1400 ac
975 1336 1082 1420 docet3

66 1424 164 1488 aliter
192 1425 416 1508 quadrigarius
441 1446 478 1489 ac
502 1424 657 1509 desultor;
693 1445 797 1507 neque
820 1424 906 1487 idem
931 1426 986 1507 qui
1009 1448 1083 1490 vec-

64 1513 170 1578 torics
193 1513 298 1577 facere
322 1514 392 1577 vult
415 1514 455 1577 ad
479 1513 667 1597 ephippium
691 1511 809 1576 autad
833 1513 973 1596 raedam,
997 1515 1082 1596 quod

26 1626 51 1668 rs
66 1600 109 1666 ad
132 1623 199 1665 rem
227 1602 414 1685 militarem,
444 1602 530 1685 quod
560 1606 596 1665 ut
618 1601 665 1665 ibi
689 1601 729 1664 ad
753 1604 860 1664 castra
882 1601 1002 1665 habere
1026 1623 1082 1665 vo-

64 1691 140 1754 lunt
161 1712 260 1772 acres,
287 1691 333 1756 sic
357 1695 471 1756 contra
494 1690 528 1754 in
551 1691 612 1754 viis
636 1690 756 1753 habere
779 1689 904 1752 malunt
927 1689 1081 1773 placidos

63 1782 200 1864 propter
223 1779 308 1862 quod
326 1780 500 1843 discrimen
518 1779 657 1843 maxime
676 1778 864 1841 institutum
883 1781 920 1841 ut
939 1782 1082 1843 castren-

63 1874 119 1931 tur
143 1868 225 1951 equi.
262 1868 402 1951 demptis
427 1869 513 1932 enim
532 1866 692 1932 testiculis
710 1868 793 1930 fiunt
813 1866 996 1950 quietiores,
1021 1869 1079 1948 [et]

64 1956 138 2021 ideo
168 1957 254 2040 quod
282 1956 405 2022 semine
433 1961 552 2021 carent.
599 1957 622 2020 ii
651 1955 808 2019 cantherii
839 1956 1010 2038 appellati,
1043 1962 1081 2021 ut

24 2045 100 2110 oin
124 2045 224 2109 subus
248 2046 392 2129 maiales,
415 2046 512 2131 gallis
536 2045 722 2128 gallinaceis
742 2046 822 2127 capi.
860 2044 899 2108 de
919 2044 1133 2113 medicinald

64 2133 117 2198 vel
141 2135 283 2217 plurima
306 2138 381 2198 sunt
404 2136 437 2199 in
461 2134 552 2218 equis
577 2138 610 2197 et
633 2133 728 2216 signa
751 2134 939 2198 morborum
964 2138 996 2198 et
1028 2155 1081 2217 ge·

62 2244 144 2286 nera
159 2224 373 2305 curationum,
392 2245 474 2307 quae
494 2226 659 2305 pastorem
675 2224 796 2306 scripta
810 2222 929 2285 habere
945 2226 1081 2304 oportet.

63 2309 1081 2394 immmmnmffimammmmmmmmmn

64 2399 236 2484 ίππίατροι
260 2401 423 2484 appellati.
1070 2475 1072 2480 Ι

21 2512 48 2553 ss
125 2480 236 2552 'Cum
263 2489 344 2553 haec
371 2490 589 2572 loqueremur,
616 2485 706 2550 venit
734 2485 904 2549 aMenate
935 2487 1081 2573 libertus,
1090 2505 1156 2559 vm

63 2576 120 2661 qui
144 2576 232 2641 dicat
254 2577 322 2641 liba
345 2578 496 2641 absoluta
519 2598 588 2639 esse
612 2579 645 2638 et
667 2596 735 2638 rem
755 2574 898 2638 divinam
917 2578 1080 2660 paratam,

63 2663 1080 2749 mmmmmfflmmfflmmmmmm

61 2753 135 2838 Ego
155 2775 242 2837 vero,
264 2755 409 2839 inquam,
433 2777 490 2818 vos
515 2756 591 2816 ante
611 2754 656 2816 ire
675 2773 741 2815 non
760 2753 879 2835 patiar,
904 2756 1079 2836 antequam

62 2842 144 2906 mihi
168 2843 371 2907 reddideritis
396 2842 529 2906 tertium
552 2845 660 2906 actum
685 2841 723 2904 de
747 2839 854 2922 mulis,
875 2840 912 2904 de
932 2842 1078 2925 canibus,

153 3002 169 3052 5
195 2999 312 3054 cottidie
385 3003 400 3051 ‘l
426 2998 600 3053 extriendum
673 2997 943 3065 8perunguendum
968 3000 1080 3067 (perun-

61 3071 186 3140 gendum
210 3071 237 3124 V
252 3076 277 3124 εἰ
295 3071 431 3125 nonnulla
449 3069 621 3138 apographa)
695 3068 807 3138 aequi]
828 3069 908 3136 equis
977 3075 1010 3124 10
1030 3069 1081 3123 alii

62 3140 250 3196 admissuram
324 3148 355 3194 11
376 3142 467 3209 adque
485 3140 609 3193 habendi
682 3144 713 3191 12
734 3139 826 3208 adque
841 3138 893 3193 alit
966 3147 998 3194 13
1014 3139 1080 3194 ade·

62 3211 154 3267 cultor
172 3215 217 3280 (ac
237 3212 361 3266 desultor
385 3212 422 3280 V)
470 3217 503 3264 14
524 3210 710 3279 adpraedam
731 3208 805 3276 quod
822 3211 855 3262 ut
874 3210 909 3262 ad
929 3226 987 3262 rem
1006 3211 1079 3264 mili-

62 3284 154 3336 tarem
169 3282 300 3351 quodibi
338 3289 370 3337 19
382 3282 518 3352 appellati
534 3281 725 3352 (appellantur
740 3280 780 3348 V)
818 3285 853 3333 24
872 3273 1078 3335 ΙΙΤΙΤΙΔΤΡΟΙ

153 3430 168 3478 'l
194 3423 415 3479 exercendumv
502 3430 517 3478 9
542 3422 607 3491 equi
629 3440 655 3476 m
743 3428 775 3476 10
804 3421 841 3475 ad
865 3420 1079 3477 admissuramo

62 3501 97 3549 14
116 3495 153 3550 ad
171 3494 288 3550 rhedam
312 3495 428 3550 Ursinus
498 3500 530 3549 18
549 3496 579 3547 et
597 3495 694 3549 deleuit
713 3493 866 3548 Pontedera
884 3493 968 3562 antiq.
989 3497 1080 3562 pree

62 3572 98 3621 24
118 3563 263 3636 ἱππίατροι
285 3567 444 3622 Politiomcs
