2430 3952
389 870 436 942 M.
461 866 675 941 TERENTI
703 866 944 941 VARRONIS

224 955 381 1073 RERVM
403 1004 690 1073 RVSTIOARVM
713 1005 772 1071 DE
796 1005 855 1071 RE
880 1003 1110 1072 PnoVARIA

467 1124 601 1196 LIBER
624 1127 857 1196 SECVNDVS
988 1198 991 1205 ,

246 1289 320 1355 Viri
347 1289 459 1375 magni
485 1289 590 1354 nostri
615 1282 755 1355 maiores
778 1311 845 1354 non
868 1290 936 1354 sine
959 1260 1060 1354 cades
1082 1310 1176 1375 praa·

157 1379 323 1464 ponebant
354 1379 493 1443 rusticos
525 1376 691 1444 Romanos
723 1377 864 1442 urbanis.
916 1380 952 1442 ut
982 1378 1052 1442 ruri
1085 1378 1211 1443 enims

159 1467 215 1552 qui
237 1467 374 1542 invilla
396 1467 511 1531 vivunt
533 1467 727 1552 ignaviores,
751 1488 847 1550 quam
872 1467 927 1550 qui
949 1466 984 1530 in
1002 1485 1085 1552 agro
1104 1486 1176 1531 ver-

158 1559 272 1622 santur
302 1557 336 1621 in
369 1555 477 1639 aliquo
510 1576 607 1638 opere
636 1554 798 1639 faciendo,
827 1555 874 1619 sic
904 1554 959 1638 qui
989 1555 1025 1619 in
1051 1554 1175 1640 oppido

158 1645 315 1728 sederent,
339 1666 436 1728 quam
459 1644 515 1728 qui
538 1665 615 1707 rura
637 1643 795 1727 colerent,
825 1642 1054 1708 desidiosiores
1076 1646 1175 1728 puta-

157 1732 247 1798 bant.
293 1734 403 1817 itaque
433 1753 554 1796 annum
583 1731 631 1795 ita
660 1731 852 1816 diviserunt,
882 1734 920 1796 ut
947 1732 1044 1796 nonis
1076 1731 1175 1797 modo

160 1820 272 1885 diebus
291 1822 432 1886 urbanas
451 1841 503 1884 res
521 1823 724 1905 usurparent,
747 1819 880 1904 reliquis
899 1823 1024 1904 septem
1042 1822 1082 1884 ut
1097 1840 1175 1886 rura
1186 1840 1210 1883 u

129 1909 312 1974 2colerent.
350 1909 436 1992 quod
459 1909 534 1972 dum
554 1911 763 1974 servaverunt
781 1909 977 1992 institutum,
999 1909 1175 1994 utrumque

158 1999 234 2062 sunt
257 1996 430 2081 consecuti,
453 1999 490 2060 ut
513 2000 545 2060 et
568 1997 695 2061 cultura
719 2017 815 2082 agros
838 1996 1087 2063 fecundissimos
1115 1996 1175 2063 he·

157 2085 274 2150 berent
297 2088 330 2149 et
352 2085 415 2169 ipsi
438 2085 623 2149 valetudine
641 2085 799 2151 firmiores
820 2088 937 2170 essent,
955 2107 993 2151 ac
1010 2106 1052 2149 ne
1072 2083 1175 2151 Grae-

158 2195 268 2238 corum
292 2174 417 2238 urbana
440 2173 661 2238 desiderarent
684 2174 862 2258 gymnasia.
908 2194 991 2258 quae
1012 2195 1102 2240 nunc
1120 2175 1176 2241 rix

158 2262 238 2327 satis
268 2262 398 2347 singula
426 2265 514 2347 sunt,
546 2283 606 2328 nec
632 2266 751 2347 putant
779 2285 813 2328 se
841 2262 960 2327 habere
988 2261 1120 2350 villam,
1146 2263 1212 2329 aire

156 2372 225 2415 non
252 2350 364 2416 multis
392 2350 558 2415 vocabulis
582 2351 745 2416 retineant
767 2351 907 2435 graecis,
935 2372 1034 2435 quom
1056 2354 1177 2417 vocent

157 2439 380 2523 particulatim
397 2439 479 2522 loca,
500 2442 707 2524 procoetona,
726 2441 932 2524 palaestram,
951 2437 1176 2523 apodyterion,

127 2527 348 2612 3perietylon,
371 2527 554 2606 omithona‚
579 2528 777 2612 peripteron,
799 2527 1025 2612 oporothe'cen.
1069 2527 1176 2614 igitur

158 2616 242 2699 quod
273 2637 360 2682 nunc
395 2616 483 2680 intra
514 2637 643 2679 murum
673 2616 741 2680 fere
775 2619 886 2700 patres
919 2615 1063 2681 familiae
1098 2636 1176 2683 oon-

156 2708 327 2787 repserunt
357 2704 479 2768 relictis
511 2703 594 2768 falce
627 2705 660 2768 et
692 2707 800 2769 aratro
834 2708 867 2769 et
897 2725 1013 2769 manus
1041 2724 1212 2770 morerere

157 2792 342 2856 maluerunt
364 2792 399 2855 in
421 2791 551 2856 theatro
576 2813 613 2857 ac
636 2792 736 2876 circo,
764 2815 861 2877 quam
888 2792 923 2857 in
945 2792 1112 2878 segetibus
1136 2815 1176 2860 ae

157 2879 290 2962 vinetis,
319 2881 384 2960 [ao]
414 2879 613 2944 frumentum
642 2880 787 2946 locamus
816 2881 871 2965 qui
897 2879 993 2946 nobis
1022 2881 1176 2966 advehat,

158 2968 214 3050 qui
242 2969 344 3031 saturi
370 2968 486 3033 fiamus
514 2990 553 3032 ex
580 2968 693 3033 Africa
720 2972 754 3033 et
784 2968 948 3054 Sardinia,
976 2972 1009 3034 et
1031 2969 1175 3037 navibus

247 3147 263 3196 6
281 3140 436 3211 ignariores
549 3146 582 3196 16
601 3143 697 3214 quom]
718 3158 803 3211 quum
823 3142 901 3223 (quin
924 3142 952 3197 V
966 3146 992 3198 cl
1009 3144 1175 3226 apoprcplrc

80 3241 90 3275 ,ι
155 3213 304 3282 nonnulle)
414 3217 446 3266 1⁷
464 3220 640 3282 procoecona
725 3213 894 3282 podyteuon
913 3211 1111 3283 (apodytenon
1133 3212 1174 3285 7)

97 3290 100 3295 '
157 3288 192 3336 22
211 3282 315 3338 adueat
386 3288 420 3336 23
441 3283 566 3353 aphryca

245 3447 261 3496 6
280 3440 441 3512 ignauiores
460 3456 475 3496 v
496 3446 521 3496 et
541 3440 689 3497 Columella
708 3442 730 3495 I
741 3442 834 3511 praef.
855 3445 891 3497 17
948 3447 981 3496 17
1000 3449 1175 3512 procoetona

153 3510 317 3569 Politlauue
387 3517 422 3567 22
442 3528 475 3567 ac
494 3517 557 3568 autc
575 3511 746 3569 frumentum
764 3513 862 3569 delevit
879 3513 1024 3568 Iucrmdus
