<?xml version="1.0" encoding="UTF-8"?>
<!DOCTYPE html PUBLIC "-//W3C//DTD XHTML 1.0 Transitional//EN"
    "http://www.w3.org/TR/xhtml1/DTD/xhtml1-transitional.dtd">
<html xmlns="http://www.w3.org/1999/xhtml" xml:lang="en" lang="en">
 <head>
  <title>
</title>
<meta http-equiv="Content-Type" content="text/html;charset=utf-8" />
  <meta name='ocr-system' content='tesseract 3.04.00' />
  <meta name='ocr-capabilities' content='ocr_page ocr_carea ocr_par ocr_line ocrx_word'/>
</head>
<body>
  <div class='ocr_page' id='page_1' title='image "./mterentivarroni01keilgoog/mterentivarroni01keilgoog_0100.png"; bbox 0 0 2430 3952; ppageno 0'>
   <div class='ocr_carea' id='block_1_1' title="bbox 303 223 1082 292">
    <p class='ocr_par' dir='ltr' id='par_1_1' title="bbox 303 223 1082 292">
     <span class='ocr_line' id='line_1_1' title="bbox 303 223 1082 292; baseline 0.001 -14"><span class='ocrx_word' id='word_1_1' title='bbox 303 224 434 280; x_wconf 77' lang='lat' dir='ltr'>RERVM</span> <span class='ocrx_word' id='word_1_2' title='bbox 451 223 688 280; x_wconf 78' lang='lat' dir='ltr'><strong>RVSTICARVM</strong></span> <span class='ocrx_word' id='word_1_3' title='bbox 705 225 770 280; x_wconf 91' lang='lat' dir='ltr'>LIB.</span> <span class='ocrx_word' id='word_1_4' title='bbox 786 226 812 278; x_wconf 93' lang='lat' dir='ltr'><strong>II</strong></span> <span class='ocrx_word' id='word_1_5' title='bbox 832 233 845 279; x_wconf 93' lang='lat'>1</span> <span class='ocrx_word' id='word_1_6' title='bbox 1041 228 1082 292; x_wconf 77' lang='lat'><strong>79</strong></span> 
     </span>
    </p>
   </div>
   <div class='ocr_carea' id='block_1_2' title="bbox 16 366 1127 2754">
    <p class='ocr_par' dir='ltr' id='par_1_2' title="bbox 16 366 1127 2754">
     <span class='ocr_line' id='line_1_2' title="bbox 68 366 1082 455; baseline 0.006 -23"><span class='ocrx_word' id='word_1_7' title='bbox 68 368 152 452; x_wconf 91' lang='lat' dir='ltr'><strong>quot</strong></span> <span class='ocrx_word' id='word_1_8' title='bbox 178 366 291 433; x_wconf 82' lang='lat' dir='ltr'><strong>diebus</strong></span> <span class='ocrx_word' id='word_1_9' title='bbox 319 369 433 434; x_wconf 85' lang='lat' dir='ltr'><strong>matris</strong></span> <span class='ocrx_word' id='word_1_10' title='bbox 464 371 582 454; x_wconf 78' lang='lat' dir='ltr'>sugant</span> <span class='ocrx_word' id='word_1_11' title='bbox 604 391 780 433; x_wconf 85' lang='lat' dir='ltr'><strong>mammam</strong></span> <span class='ocrx_word' id='word_1_12' title='bbox 804 373 836 433; x_wconf 88' lang='lat' dir='ltr'><strong>et</strong></span> <span class='ocrx_word' id='word_1_13' title='bbox 858 370 893 434; x_wconf 88' lang='lat' dir='ltr'><strong>id</strong></span> <span class='ocrx_word' id='word_1_14' title='bbox 915 394 978 455; x_wconf 93' lang='lat' dir='ltr'><strong>quo</strong></span> <span class='ocrx_word' id='word_1_15' title='bbox 1001 376 1082 438; x_wconf 89' lang='lat' dir='ltr'><strong>tem-</strong></span> 
     </span>
     <span class='ocr_line' id='line_1_3' title="bbox 67 457 1081 543; baseline 0.004 -23"><span class='ocrx_word' id='word_1_16' title='bbox 67 478 148 541; x_wconf 90' lang='lat' dir='ltr'><strong>pore</strong></span> <span class='ocrx_word' id='word_1_17' title='bbox 172 460 206 520; x_wconf 90' lang='lat' dir='ltr'><strong>et</strong></span> <span class='ocrx_word' id='word_1_18' title='bbox 226 457 298 540; x_wconf 82' lang='lat' dir='ltr'><strong>ubi3</strong></span> <span class='ocrx_word' id='word_1_19' title='bbox 321 462 354 522; x_wconf 87' lang='lat' dir='ltr'><strong>et</strong></span> <span class='ocrx_word' id='word_1_20' title='bbox 377 457 406 521; x_wconf 86' lang='lat' dir='ltr'><strong>si</strong></span> <span class='ocrx_word' id='word_1_21' title='bbox 427 479 544 541; x_wconf 86' lang='lat' dir='ltr'><strong>parum</strong></span> <span class='ocrx_word' id='word_1_22' title='bbox 567 457 667 522; x_wconf 88' lang='lat' dir='ltr'><strong>habet</strong></span> <span class='ocrx_word' id='word_1_23' title='bbox 690 457 785 522; x_wconf 86' lang='lat' dir='ltr'><strong>lactis</strong></span> <span class='ocrx_word' id='word_1_24' title='bbox 806 462 919 543; x_wconf 87' lang='lat' dir='ltr'><strong>mater,</strong></span> <span class='ocrx_word' id='word_1_25' title='bbox 941 464 978 523; x_wconf 91' lang='lat' dir='ltr'><strong>ut</strong></span> <span class='ocrx_word' id='word_1_26' title='bbox 998 462 1081 524; x_wconf 86' lang='lat' dir='ltr'><strong>subi·</strong></span> 
     </span>
     <span class='ocr_line' id='line_1_4' title="bbox 67 545 1082 633; baseline 0.003 -24"><span class='ocrx_word' id='word_1_27' title='bbox 67 545 137 610; x_wconf 88' lang='lat' dir='ltr'><strong>ciat</strong></span> <span class='ocrx_word' id='word_1_28' title='bbox 158 545 219 610; x_wconf 82' lang='lat' dir='ltr'><strong>sub</strong></span> <span class='ocrx_word' id='word_1_29' title='bbox 243 546 378 610; x_wconf 80' lang='lat' dir='ltr'><strong>alterius</strong></span> <span class='ocrx_word' id='word_1_30' title='bbox 400 567 591 629; x_wconf 87' lang='lat' dir='ltr'><strong>mammam,</strong></span> <span class='ocrx_word' id='word_1_31' title='bbox 620 546 676 629; x_wconf 91' lang='lat' dir='ltr'><strong>qui</strong></span> <span class='ocrx_word' id='word_1_32' title='bbox 700 545 905 629; x_wconf 75' lang='lat' dir='ltr'>appellantur</span> <span class='ocrx_word' id='word_1_33' title='bbox 927 547 1082 633; x_wconf 84' lang='lat' dir='ltr'><strong>subrumi,</strong></span> 
     </span>
     <span class='ocr_line' id='line_1_5' title="bbox 61 633 1081 718; baseline 0.003 -20"><span class='ocrx_word' id='word_1_34' title='bbox 61 633 101 713; x_wconf 45' lang='lat' dir='ltr'><strong>,id</strong></span> <span class='ocrx_word' id='word_1_35' title='bbox 126 637 177 698; x_wconf 83' lang='lat' dir='ltr'><strong>eet</strong></span> <span class='ocrx_word' id='word_1_36' title='bbox 198 635 259 698; x_wconf 86' lang='lat' dir='ltr'><strong>sub</strong></span> <span class='ocrx_word' id='word_1_37' title='bbox 282 655 433 699; x_wconf 88' lang='lat' dir='ltr'><strong>mamma.</strong></span> <span class='ocrx_word' id='word_1_38' title='bbox 479 634 613 718; x_wconf 90' lang='lat' dir='ltr'><strong>antiquo</strong></span> <span class='ocrx_word' id='word_1_39' title='bbox 642 634 728 699; x_wconf 89' lang='lat' dir='ltr'><strong>enim</strong></span> <span class='ocrx_word' id='word_1_40' title='bbox 757 635 915 701; x_wconf 86' lang='lat' dir='ltr'><strong>vocabulo</strong></span> <span class='ocrx_word' id='word_1_41' title='bbox 939 658 1081 701; x_wconf 87' lang='lat' dir='ltr'><strong>mamma</strong></span> 
     </span>
     <span class='ocr_line' id='line_1_6' title="bbox 37 721 1080 806; baseline 0.006 -22"><span class='ocrx_word' id='word_1_42' title='bbox 37 721 180 805; x_wconf 74' lang='lat' dir='ltr'><strong>ommia,</strong></span> <span class='ocrx_word' id='word_1_43' title='bbox 202 726 240 786; x_wconf 91' lang='lat' dir='ltr'><strong>ut</strong></span> <span class='ocrx_word' id='word_1_44' title='bbox 262 723 384 806; x_wconf 90' lang='lat' dir='ltr'><strong>opinor.</strong></span> <span class='ocrx_word' id='word_1_45' title='bbox 416 723 484 787; x_wconf 89' lang='lat' dir='ltr'><strong>fere</strong></span> <span class='ocrx_word' id='word_1_46' title='bbox 508 722 548 787; x_wconf 91' lang='lat' dir='ltr'><strong>ad</strong></span> <span class='ocrx_word' id='word_1_47' title='bbox 572 726 726 806; x_wconf 89' lang='lat' dir='ltr'><strong>quattuor</strong></span> <span class='ocrx_word' id='word_1_48' title='bbox 748 745 875 788; x_wconf 85' lang='lat' dir='ltr'><strong>menses</strong></span> <span class='ocrx_word' id='word_1_49' title='bbox 900 748 919 789; x_wconf 94' lang='lat' dir='ltr'><strong>a</strong></span> <span class='ocrx_word' id='word_1_50' title='bbox 937 747 1080 790; x_wconf 90' lang='lat' dir='ltr'><strong>mamma</strong></span> 
     </span>
     <span class='ocr_line' id='line_1_7' title="bbox 65 810 1079 897; baseline 0.004 -23"><span class='ocrx_word' id='word_1_51' title='bbox 65 832 136 876; x_wconf 92' lang='lat' dir='ltr'><strong>non</strong></span> <span class='ocrx_word' id='word_1_52' title='bbox 158 810 371 896; x_wconf 85' lang='lat' dir='ltr'><strong>diiunguntur</strong></span> <span class='ocrx_word' id='word_1_53' title='bbox 394 811 485 897; x_wconf 81' lang='lat' dir='ltr'><strong>agni,</strong></span> <span class='ocrx_word' id='word_1_54' title='bbox 513 810 608 875; x_wconf 87' lang='lat' dir='ltr'><strong>haedi</strong></span> <span class='ocrx_word' id='word_1_55' title='bbox 631 815 706 895; x_wconf 83' lang='lat' dir='ltr'><strong>tres,</strong></span> <span class='ocrx_word' id='word_1_56' title='bbox 733 813 824 894; x_wconf 90' lang='lat' dir='ltr'><strong>porci</strong></span> <span class='ocrx_word' id='word_1_57' title='bbox 847 812 919 878; x_wconf 88' lang='lat' dir='ltr'><strong>duo.</strong></span> <span class='ocrx_word' id='word_1_58' title='bbox 966 835 983 877; x_wconf 88' lang='lat' dir='ltr'><strong>e</strong></span> <span class='ocrx_word' id='word_1_59' title='bbox 1008 815 1079 897; x_wconf 88' lang='lat' dir='ltr'><strong>quis</strong></span> 
     </span>
     <span class='ocr_line' id='line_1_8' title="bbox 65 899 1079 986; baseline 0.002 -22"><span class='ocrx_word' id='word_1_60' title='bbox 65 899 123 986; x_wconf 91' lang='lat' dir='ltr'><strong>qui</strong></span> <span class='ocrx_word' id='word_1_61' title='bbox 141 899 209 963; x_wconf 91' lang='lat' dir='ltr'><strong>iam</strong></span> <span class='ocrx_word' id='word_1_62' title='bbox 227 899 301 983; x_wconf 89' lang='lat' dir='ltr'><strong>puri</strong></span> <span class='ocrx_word' id='word_1_63' title='bbox 320 903 396 964; x_wconf 83' lang='lat' dir='ltr'><strong>sunt</strong></span> <span class='ocrx_word' id='word_1_64' title='bbox 419 901 459 964; x_wconf 89' lang='lat' dir='ltr'><strong>ad</strong></span> <span class='ocrx_word' id='word_1_65' title='bbox 483 900 685 982; x_wconf 80' lang='lat' dir='ltr'><strong>sacrificium,</strong></span> <span class='ocrx_word' id='word_1_66' title='bbox 710 904 746 964; x_wconf 88' lang='lat' dir='ltr'><strong>ut</strong></span> <span class='ocrx_word' id='word_1_67' title='bbox 769 901 975 984; x_wconf 82' lang='lat' dir='ltr'><strong>inmolantur,</strong></span> <span class='ocrx_word' id='word_1_68' title='bbox 999 903 1079 966; x_wconf 91' lang='lat' dir='ltr'><strong>olim</strong></span> 
     </span>
     <span class='ocr_line' id='line_1_9' title="bbox 65 988 1080 1074; baseline 0.001 -22"><span class='ocrx_word' id='word_1_69' title='bbox 65 988 223 1072; x_wconf 86' lang='lat' dir='ltr'><strong>appellati</strong></span> <span class='ocrx_word' id='word_1_70' title='bbox 242 1009 359 1071; x_wconf 84' lang='lat' dir='ltr'><strong>sacres,</strong></span> <span class='ocrx_word' id='word_1_71' title='bbox 378 1009 459 1072; x_wconf 82' lang='lat' dir='ltr'><strong>quoa</strong></span> <span class='ocrx_word' id='word_1_72' title='bbox 479 988 623 1071; x_wconf 88' lang='lat' dir='ltr'><strong>appellat</strong></span> <span class='ocrx_word' id='word_1_73' title='bbox 636 988 781 1070; x_wconf 87' lang='lat' dir='ltr'><strong>Plautus,</strong></span> <span class='ocrx_word' id='word_1_74' title='bbox 800 1011 873 1053; x_wconf 87' lang='lat' dir='ltr'><strong>oum</strong></span> <span class='ocrx_word' id='word_1_75' title='bbox 893 990 940 1053; x_wconf 90' lang='lat' dir='ltr'><strong>ait</strong></span> <span class='ocrx_word' id='word_1_76' title='bbox 953 989 1080 1074; x_wconf 67' lang='lat' dir='ltr'><strong>‘quanti</strong></span> 
     </span>
     <span class='ocr_line' id='line_1_10' title="bbox 64 1075 1079 1161; baseline 0.001 -20"><span class='ocrx_word' id='word_1_77' title='bbox 64 1079 145 1141; x_wconf 85' lang='lat' dir='ltr'><strong>aunt</strong></span> <span class='ocrx_word' id='word_1_78' title='bbox 173 1077 264 1161; x_wconf 88' lang='lat' dir='ltr'><strong>porci</strong></span> <span class='ocrx_word' id='word_1_79' title='bbox 292 1075 451 1141; x_wconf 81' lang='lat' dir='ltr'><strong>sacrea?&#39;.</strong></span> <span class='ocrx_word' id='word_1_80' title='bbox 493 1077 539 1141; x_wconf 87' lang='lat' dir='ltr'><strong>sic</strong></span> <span class='ocrx_word' id='word_1_81' title='bbox 574 1076 673 1141; x_wconf 86' lang='lat' dir='ltr'><strong>boves</strong></span> <span class='ocrx_word' id='word_1_82' title='bbox 703 1077 808 1142; x_wconf 86' lang='lat' dir='ltr'><strong>altiles</strong></span> <span class='ocrx_word' id='word_1_83' title='bbox 842 1078 882 1142; x_wconf 87' lang='lat' dir='ltr'><strong>ad</strong></span> <span class='ocrx_word' id='word_1_84' title='bbox 919 1079 1079 1143; x_wconf 84' lang='lat' dir='ltr'><strong>sacrificia</strong></span> 
     </span>
     <span class='ocr_line' id='line_1_11' title="bbox 21 1164 1127 1250; baseline 0.003 -22"><span class='ocrx_word' id='word_1_85' title='bbox 21 1164 199 1249; x_wconf 81' lang='lat' dir='ltr'><strong>republica</strong></span> <span class='ocrx_word' id='word_1_86' title='bbox 222 1166 362 1250; x_wconf 79' lang='lat' dir='ltr'><strong>saginati</strong></span> <span class='ocrx_word' id='word_1_87' title='bbox 385 1165 536 1229; x_wconf 91' lang='lat' dir='ltr'><strong>dicuntur</strong></span> <span class='ocrx_word' id='word_1_88' title='bbox 558 1165 667 1250; x_wconf 88' lang='lat' dir='ltr'><strong>opimi.</strong></span> <span class='ocrx_word' id='word_1_89' title='bbox 714 1170 830 1250; x_wconf 88' lang='lat' dir='ltr'><strong>quarta</strong></span> <span class='ocrx_word' id='word_1_90' title='bbox 860 1188 934 1250; x_wconf 86' lang='lat' dir='ltr'><strong>pars</strong></span> <span class='ocrx_word' id='word_1_91' title='bbox 965 1171 1015 1231; x_wconf 84' lang='lat' dir='ltr'><strong>eat</strong></span> <span class='ocrx_word' id='word_1_92' title='bbox 1039 1166 1127 1231; x_wconf 84' lang='lat' dir='ltr'><strong>de21</strong></span> 
     </span>
     <span class='ocr_line' id='line_1_12' title="bbox 64 1253 1077 1338; baseline 0 -19"><span class='ocrx_word' id='word_1_93' title='bbox 64 1253 217 1338; x_wconf 79' lang='lat' dir='ltr'><strong>uanitate,</strong></span> <span class='ocrx_word' id='word_1_94' title='bbox 238 1274 290 1318; x_wconf 87' lang='lat' dir='ltr'><strong>res</strong></span> <span class='ocrx_word' id='word_1_95' title='bbox 310 1254 481 1336; x_wconf 78' lang='lat' dir='ltr'><strong>multiplex</strong></span> <span class='ocrx_word' id='word_1_96' title='bbox 505 1275 542 1318; x_wconf 90' lang='lat' dir='ltr'><strong>ac</strong></span> <span class='ocrx_word' id='word_1_97' title='bbox 561 1254 753 1337; x_wconf 82' lang='lat' dir='ltr'><strong>necessaria,</strong></span> <span class='ocrx_word' id='word_1_98' title='bbox 781 1255 866 1337; x_wconf 86' lang='lat' dir='ltr'><strong>quod</strong></span> <span class='ocrx_word' id='word_1_99' title='bbox 890 1256 1077 1321; x_wconf 84' lang='lat' dir='ltr'><strong>morbosum</strong></span> 
     </span>
     <span class='ocr_line' id='line_1_13' title="bbox 62 1342 1077 1429; baseline 0.002 -23"><span class='ocrx_word' id='word_1_100' title='bbox 62 1362 163 1426; x_wconf 82' lang='lat' dir='ltr'><strong>pecus</strong></span> <span class='ocrx_word' id='word_1_101' title='bbox 182 1345 232 1406; x_wconf 85' lang='lat' dir='ltr'><strong>eet</strong></span> <span class='ocrx_word' id='word_1_102' title='bbox 250 1342 414 1420; x_wconf 85' lang='lat' dir='ltr'><strong>vitiosum,</strong></span> <span class='ocrx_word' id='word_1_103' title='bbox 433 1344 466 1406; x_wconf 90' lang='lat' dir='ltr'><strong>et</strong></span> <span class='ocrx_word' id='word_1_104' title='bbox 485 1342 638 1427; x_wconf 89' lang='lat' dir='ltr'><strong>quoniam</strong></span> <span class='ocrx_word' id='word_1_105' title='bbox 652 1364 718 1406; x_wconf 90' lang='lat' dir='ltr'><strong>non</strong></span> <span class='ocrx_word' id='word_1_106' title='bbox 731 1344 828 1426; x_wconf 77' lang='lat' dir='ltr'><strong>valet,</strong></span> <span class='ocrx_word' id='word_1_107' title='bbox 848 1365 943 1426; x_wconf 82' lang='lat' dir='ltr'><strong>saepe</strong></span> <span class='ocrx_word' id='word_1_108' title='bbox 957 1366 1077 1429; x_wconf 82' lang='lat' dir='ltr'><strong>magna</strong></span> 
     </span>
     <span class='ocr_line' id='line_1_14' title="bbox 62 1428 1076 1517; baseline 0.003 -23"><span class='ocrx_word' id='word_1_109' title='bbox 62 1428 259 1495; x_wconf 80' lang='lat' dir='ltr'><strong>adiiciuntur</strong></span> <span class='ocrx_word' id='word_1_110' title='bbox 291 1431 485 1496; x_wconf 75' lang='lat' dir='ltr'><strong>calamitate.</strong></span> <span class='ocrx_word' id='word_1_111' title='bbox 539 1431 629 1495; x_wconf 89' lang='lat' dir='ltr'><strong>cuius</strong></span> <span class='ocrx_word' id='word_1_112' title='bbox 663 1431 818 1494; x_wconf 81' lang='lat' dir='ltr'><strong>scientiae</strong></span> <span class='ocrx_word' id='word_1_113' title='bbox 851 1453 971 1516; x_wconf 84' lang='lat' dir='ltr'><strong>genera</strong></span> <span class='ocrx_word' id='word_1_114' title='bbox 1004 1434 1076 1517; x_wconf 84' lang='lat' dir='ltr'><strong>duc,</strong></span> 
     </span>
     <span class='ocr_line' id='line_1_15' title="bbox 61 1518 1075 1604; baseline 0.001 -22"><span class='ocrx_word' id='word_1_115' title='bbox 61 1523 101 1584; x_wconf 90' lang='lat' dir='ltr'><strong>ut</strong></span> <span class='ocrx_word' id='word_1_116' title='bbox 124 1519 159 1582; x_wconf 94' lang='lat' dir='ltr'><strong>in</strong></span> <span class='ocrx_word' id='word_1_117' title='bbox 182 1518 327 1602; x_wconf 89' lang='lat' dir='ltr'><strong>homine,</strong></span> <span class='ocrx_word' id='word_1_118' title='bbox 357 1541 456 1582; x_wconf 92' lang='lat' dir='ltr'><strong>unum</strong></span> <span class='ocrx_word' id='word_1_119' title='bbox 480 1518 627 1602; x_wconf 89' lang='lat' dir='ltr'><strong>adquae</strong></span> <span class='ocrx_word' id='word_1_120' title='bbox 651 1518 824 1582; x_wconf 86' lang='lat' dir='ltr'><strong>adhibendi</strong></span> <span class='ocrx_word' id='word_1_121' title='bbox 848 1519 972 1604; x_wconf 87' lang='lat' dir='ltr'><strong>medici,</strong></span> <span class='ocrx_word' id='word_1_122' title='bbox 997 1520 1075 1583; x_wconf 88' lang='lat' dir='ltr'><strong>alte-</strong></span> 
     </span>
     <span class='ocr_line' id='line_1_16' title="bbox 19 1606 1075 1692; baseline -0.001 -20"><span class='ocrx_word' id='word_1_123' title='bbox 19 1630 46 1672; x_wconf 73' lang='lat' dir='ltr'><strong>ru</strong></span> <span class='ocrx_word' id='word_1_124' title='bbox 60 1629 136 1672; x_wconf 88' lang='lat' dir='ltr'><strong>rum</strong></span> <span class='ocrx_word' id='word_1_125' title='bbox 165 1628 247 1692; x_wconf 90' lang='lat' dir='ltr'><strong>quae</strong></span> <span class='ocrx_word' id='word_1_126' title='bbox 274 1608 344 1691; x_wconf 83' lang='lat' dir='ltr'><strong>ipse</strong></span> <span class='ocrx_word' id='word_1_127' title='bbox 374 1608 473 1672; x_wconf 90' lang='lat' dir='ltr'><strong>etiam</strong></span> <span class='ocrx_word' id='word_1_128' title='bbox 500 1610 613 1691; x_wconf 87' lang='lat' dir='ltr'><strong>pastor</strong></span> <span class='ocrx_word' id='word_1_129' title='bbox 640 1606 780 1691; x_wconf 87' lang='lat' dir='ltr'><strong>diligens</strong></span> <span class='ocrx_word' id='word_1_130' title='bbox 809 1607 928 1670; x_wconf 88' lang='lat' dir='ltr'><strong>mederi</strong></span> <span class='ocrx_word' id='word_1_131' title='bbox 961 1609 1075 1691; x_wconf 86' lang='lat' dir='ltr'><strong>possit.</strong></span> 
     </span>
     <span class='ocr_line' id='line_1_17' title="bbox 61 1695 1075 1780; baseline 0 -20"><span class='ocrx_word' id='word_1_132' title='bbox 61 1696 132 1760; x_wconf 81' lang='lat' dir='ltr'><strong>eius</strong></span> <span class='ocrx_word' id='word_1_133' title='bbox 158 1698 270 1779; x_wconf 86' lang='lat' dir='ltr'><strong>partes</strong></span> <span class='ocrx_word' id='word_1_134' title='bbox 298 1699 376 1760; x_wconf 81' lang='lat' dir='ltr'><strong>sunt</strong></span> <span class='ocrx_word' id='word_1_135' title='bbox 403 1699 478 1761; x_wconf 83' lang='lat' dir='ltr'><strong>tres.</strong></span> <span class='ocrx_word' id='word_1_136' title='bbox 522 1717 600 1769; x_wconf 86' lang='lat' dir='ltr'><strong>nam</strong></span> <span class='ocrx_word' id='word_1_137' title='bbox 629 1695 965 1780; x_wconf 84' lang='lat' dir='ltr'><strong>animadvertendum,</strong></span> <span class='ocrx_word' id='word_1_138' title='bbox 993 1717 1075 1779; x_wconf 87' lang='lat' dir='ltr'><strong>quae</strong></span> 
     </span>
     <span class='ocr_line' id='line_1_18' title="bbox 59 1784 1074 1869; baseline 0 -21"><span class='ocrx_word' id='word_1_139' title='bbox 59 1785 217 1869; x_wconf 85' lang='lat' dir='ltr'><strong>cuiusque</strong></span> <span class='ocrx_word' id='word_1_140' title='bbox 239 1784 344 1849; x_wconf 89' lang='lat' dir='ltr'><strong>morbi</strong></span> <span class='ocrx_word' id='word_1_141' title='bbox 372 1785 416 1849; x_wconf 83' lang='lat' dir='ltr'><strong>ait</strong></span> <span class='ocrx_word' id='word_1_142' title='bbox 443 1806 555 1865; x_wconf 85' lang='lat' dir='ltr'><strong>cauea,</strong></span> <span class='ocrx_word' id='word_1_143' title='bbox 583 1805 726 1868; x_wconf 88' lang='lat' dir='ltr'><strong>quaeque</strong></span> <span class='ocrx_word' id='word_1_144' title='bbox 751 1785 844 1869; x_wconf 82' lang='lat' dir='ltr'><strong>signa</strong></span> <span class='ocrx_word' id='word_1_145' title='bbox 868 1805 978 1849; x_wconf 86' lang='lat' dir='ltr'><strong>earum</strong></span> <span class='ocrx_word' id='word_1_146' title='bbox 1002 1805 1074 1848; x_wconf 89' lang='lat' dir='ltr'><strong>cau-</strong></span> 
     </span>
     <span class='ocr_line' id='line_1_19' title="bbox 59 1872 1072 1957; baseline 0 -20"><span class='ocrx_word' id='word_1_147' title='bbox 59 1894 171 1938; x_wconf 83' lang='lat' dir='ltr'><strong>sarum</strong></span> <span class='ocrx_word' id='word_1_148' title='bbox 186 1872 260 1952; x_wconf 87' lang='lat' dir='ltr'><strong>sint,</strong></span> <span class='ocrx_word' id='word_1_149' title='bbox 279 1876 311 1937; x_wconf 91' lang='lat' dir='ltr'><strong>et</strong></span> <span class='ocrx_word' id='word_1_150' title='bbox 325 1894 407 1957; x_wconf 85' lang='lat' dir='ltr'><strong>quae</strong></span> <span class='ocrx_word' id='word_1_151' title='bbox 422 1894 580 1957; x_wconf 89' lang='lat' dir='ltr'><strong>quemque</strong></span> <span class='ocrx_word' id='word_1_152' title='bbox 600 1873 749 1937; x_wconf 91' lang='lat' dir='ltr'><strong>morbum</strong></span> <span class='ocrx_word' id='word_1_153' title='bbox 768 1873 890 1938; x_wconf 86' lang='lat' dir='ltr'><strong>curatio</strong></span> <span class='ocrx_word' id='word_1_154' title='bbox 913 1873 1072 1955; x_wconf 87' lang='lat' dir='ltr'><strong>[curandi]</strong></span> 
     </span>
     <span class='ocr_line' id='line_1_20' title="bbox 59 1960 1125 2047; baseline -0.001 -21"><span class='ocrx_word' id='word_1_155' title='bbox 59 1961 154 2046; x_wconf 84' lang='lat' dir='ltr'><strong>aequi</strong></span> <span class='ocrx_word' id='word_1_156' title='bbox 176 1960 301 2026; x_wconf 86' lang='lat' dir='ltr'><strong>debeat.</strong></span> <span class='ocrx_word' id='word_1_157' title='bbox 346 1962 413 2026; x_wconf 88' lang='lat' dir='ltr'><strong>fere</strong></span> <span class='ocrx_word' id='word_1_158' title='bbox 436 1962 624 2026; x_wconf 89' lang='lat' dir='ltr'><strong>morborum</strong></span> <span class='ocrx_word' id='word_1_159' title='bbox 647 1982 763 2025; x_wconf 86' lang='lat' dir='ltr'><strong>causae</strong></span> <span class='ocrx_word' id='word_1_160' title='bbox 788 1966 897 2044; x_wconf 86' lang='lat' dir='ltr'><strong>erunt,</strong></span> <span class='ocrx_word' id='word_1_161' title='bbox 921 1963 1006 2047; x_wconf 89' lang='lat' dir='ltr'><strong>quod</strong></span> <span class='ocrx_word' id='word_1_162' title='bbox 1029 1964 1073 2026; x_wconf 90' lang='lat' dir='ltr'><strong>la·</strong></span> <span class='ocrx_word' id='word_1_163' title='bbox 1086 1970 1125 2026; x_wconf 93' lang='grc'><strong>22</strong></span> 
     </span>
     <span class='ocr_line' id='line_1_21' title="bbox 17 2049 1075 2134; baseline 0 -20"><span class='ocrx_word' id='word_1_164' title='bbox 17 2050 181 2115; x_wconf 77' lang='lat' dir='ltr'><strong>roborant</strong></span> <span class='ocrx_word' id='word_1_165' title='bbox 207 2054 342 2134; x_wconf 90' lang='lat' dir='ltr'><strong>propter</strong></span> <span class='ocrx_word' id='word_1_166' title='bbox 369 2054 478 2115; x_wconf 85' lang='lat' dir='ltr'><strong>aestus</strong></span> <span class='ocrx_word' id='word_1_167' title='bbox 507 2053 564 2113; x_wconf 90' lang='lat' dir='ltr'><strong>aut</strong></span> <span class='ocrx_word' id='word_1_168' title='bbox 590 2053 723 2133; x_wconf 89' lang='lat' dir='ltr'><strong>propter</strong></span> <span class='ocrx_word' id='word_1_169' title='bbox 751 2049 888 2134; x_wconf 84' lang='lat' dir='ltr'><strong>frigora,</strong></span> <span class='ocrx_word' id='word_1_170' title='bbox 921 2072 980 2114; x_wconf 88' lang='lat' dir='ltr'><strong>nec</strong></span> <span class='ocrx_word' id='word_1_171' title='bbox 1010 2073 1075 2115; x_wconf 92' lang='lat' dir='ltr'><strong>non</strong></span> 
     </span>
     <span class='ocr_line' id='line_1_22' title="bbox 58 2138 1074 2222; baseline 0 -19"><span class='ocrx_word' id='word_1_172' title='bbox 58 2139 160 2203; x_wconf 80' lang='lat' dir='ltr'><strong>etiam</strong></span> <span class='ocrx_word' id='word_1_173' title='bbox 193 2142 328 2222; x_wconf 92' lang='lat' dir='ltr'><strong>propter</strong></span> <span class='ocrx_word' id='word_1_174' title='bbox 363 2139 500 2203; x_wconf 92' lang='lat' dir='ltr'><strong>nimium</strong></span> <span class='ocrx_word' id='word_1_175' title='bbox 538 2138 684 2204; x_wconf 87' lang='lat' dir='ltr'><strong>laborem</strong></span> <span class='ocrx_word' id='word_1_176' title='bbox 716 2142 773 2202; x_wconf 91' lang='lat' dir='ltr'><strong>aut</strong></span> <span class='ocrx_word' id='word_1_177' title='bbox 805 2142 919 2203; x_wconf 86' lang='lat' dir='ltr'><strong>contra</strong></span> <span class='ocrx_word' id='word_1_178' title='bbox 951 2140 1074 2203; x_wconf 86' lang='lat' dir='ltr'><strong>nullam</strong></span> 
     </span>
     <span class='ocr_line' id='line_1_23' title="bbox 57 2225 1074 2312; baseline -0.001 -20"><span class='ocrx_word' id='word_1_179' title='bbox 57 2225 338 2310; x_wconf 81' lang='lat' dir='ltr'><strong>exercitationem,</strong></span> <span class='ocrx_word' id='word_1_180' title='bbox 370 2231 427 2292; x_wconf 88' lang='lat' dir='ltr'><strong>aut</strong></span> <span class='ocrx_word' id='word_1_181' title='bbox 459 2228 501 2312; x_wconf 87' lang='lat' dir='ltr'><strong>si,</strong></span> <span class='ocrx_word' id='word_1_182' title='bbox 534 2248 606 2291; x_wconf 89' lang='lat' dir='ltr'><strong>cum</strong></span> <span class='ocrx_word' id='word_1_183' title='bbox 640 2228 828 2310; x_wconf 82' lang='lat' dir='ltr'><strong>exercueris,</strong></span> <span class='ocrx_word' id='word_1_184' title='bbox 861 2228 972 2291; x_wconf 87' lang='lat' dir='ltr'><strong>statim</strong></span> <span class='ocrx_word' id='word_1_185' title='bbox 1005 2230 1074 2292; x_wconf 85' lang='lat' dir='ltr'><strong>sine</strong></span> 
     </span>
     <span class='ocr_line' id='line_1_24' title="bbox 55 2314 1072 2400; baseline -0.001 -21"><span class='ocrx_word' id='word_1_186' title='bbox 55 2315 232 2380; x_wconf 85' lang='lat' dir='ltr'><strong>intervallo</strong></span> <span class='ocrx_word' id='word_1_187' title='bbox 256 2314 364 2379; x_wconf 92' lang='lat' dir='ltr'><strong>cibum</strong></span> <span class='ocrx_word' id='word_1_188' title='bbox 391 2319 448 2379; x_wconf 88' lang='lat' dir='ltr'><strong>aut</strong></span> <span class='ocrx_word' id='word_1_189' title='bbox 476 2315 643 2400; x_wconf 87' lang='lat' dir='ltr'><strong>potionem</strong></span> <span class='ocrx_word' id='word_1_190' title='bbox 666 2314 800 2378; x_wconf 84' lang='lat' dir='ltr'><strong>dederis.</strong></span> <span class='ocrx_word' id='word_1_191' title='bbox 846 2316 941 2396; x_wconf 85' lang='lat' dir='ltr'><strong>signa</strong></span> <span class='ocrx_word' id='word_1_192' title='bbox 965 2319 1072 2379; x_wconf 91' lang='lat' dir='ltr'><strong>autem</strong></span> 
     </span>
     <span class='ocr_line' id='line_1_25' title="bbox 56 2403 1073 2488; baseline -0.003 -20"><span class='ocrx_word' id='word_1_193' title='bbox 56 2405 146 2483; x_wconf 82' lang='lat' dir='ltr'><strong>sunt,</strong></span> <span class='ocrx_word' id='word_1_194' title='bbox 169 2406 341 2468; x_wconf 89' lang='lat' dir='ltr'><strong>uteorum</strong></span> <span class='ocrx_word' id='word_1_195' title='bbox 365 2404 420 2488; x_wconf 92' lang='lat' dir='ltr'><strong>qui</strong></span> <span class='ocrx_word' id='word_1_196' title='bbox 445 2405 501 2484; x_wconf 88' lang='lat' dir='ltr'><strong>[si]</strong></span> <span class='ocrx_word' id='word_1_197' title='bbox 526 2425 543 2467; x_wconf 92' lang='lat' dir='ltr'><strong>e</strong></span> <span class='ocrx_word' id='word_1_198' title='bbox 565 2403 677 2466; x_wconf 89' lang='lat' dir='ltr'><strong>labore</strong></span> <span class='ocrx_word' id='word_1_199' title='bbox 704 2403 827 2468; x_wconf 86' lang='lat' dir='ltr'><strong>febrem</strong></span> <span class='ocrx_word' id='word_1_200' title='bbox 851 2403 974 2466; x_wconf 87' lang='lat' dir='ltr'><strong>habent</strong></span> <span class='ocrx_word' id='word_1_201' title='bbox 998 2403 1073 2466; x_wconf 91' lang='lat' dir='ltr'><strong>ada-</strong></span> 
     </span>
     <span class='ocr_line' id='line_1_26' title="bbox 16 2491 1071 2577; baseline -0.001 -21"><span class='ocrx_word' id='word_1_202' title='bbox 16 2514 42 2556; x_wconf 78' lang='lat' dir='ltr'><strong>re</strong></span> <span class='ocrx_word' id='word_1_203' title='bbox 56 2494 188 2577; x_wconf 87' lang='lat' dir='ltr'><strong>pertum</strong></span> <span class='ocrx_word' id='word_1_204' title='bbox 220 2511 254 2556; x_wconf 81' lang='lat' dir='ltr'><strong>os</strong></span> <span class='ocrx_word' id='word_1_205' title='bbox 285 2492 394 2557; x_wconf 90' lang='lat' dir='ltr'><strong>umido</strong></span> <span class='ocrx_word' id='word_1_206' title='bbox 427 2493 543 2576; x_wconf 82' lang='lat' dir='ltr'><strong>spiritu</strong></span> <span class='ocrx_word' id='word_1_207' title='bbox 576 2491 688 2555; x_wconf 89' lang='lat' dir='ltr'><strong>crebro</strong></span> <span class='ocrx_word' id='word_1_208' title='bbox 727 2495 760 2555; x_wconf 89' lang='lat' dir='ltr'><strong>et</strong></span> <span class='ocrx_word' id='word_1_209' title='bbox 791 2512 924 2573; x_wconf 87' lang='lat' dir='ltr'><strong>corpore</strong></span> <span class='ocrx_word' id='word_1_210' title='bbox 957 2491 1071 2555; x_wconf 84' lang='lat' dir='ltr'><strong>calide.</strong></span> 
     </span>
     <span class='ocr_line' id='line_1_27' title="bbox 56 2579 1124 2662; baseline -0.003 -17"><span class='ocrx_word' id='word_1_211' title='bbox 56 2580 185 2645; x_wconf 82' lang='lat' dir='ltr'><strong>curatio</strong></span> <span class='ocrx_word' id='word_1_212' title='bbox 209 2583 327 2659; x_wconf 86' lang='lat' dir='ltr'><strong>autem,</strong></span> <span class='ocrx_word' id='word_1_213' title='bbox 351 2602 424 2645; x_wconf 91' lang='lat' dir='ltr'><strong>cum</strong></span> <span class='ocrx_word' id='word_1_214' title='bbox 442 2580 495 2644; x_wconf 91' lang='lat' dir='ltr'><strong>hic</strong></span> <span class='ocrx_word' id='word_1_215' title='bbox 516 2583 565 2644; x_wconf 86' lang='lat' dir='ltr'><strong>est</strong></span> <span class='ocrx_word' id='word_1_216' title='bbox 583 2581 725 2662; x_wconf 83' lang='lat' dir='ltr'><strong>morbos,</strong></span> <span class='ocrx_word' id='word_1_217' title='bbox 743 2579 831 2644; x_wconf 86' lang='lat' dir='ltr'><strong>haec.</strong></span> <span class='ocrx_word' id='word_1_218' title='bbox 868 2579 1072 2662; x_wconf 84' lang='lat' dir='ltr'><strong>perfunditur</strong></span> <span class='ocrx_word' id='word_1_219' title='bbox 1084 2587 1124 2642; x_wconf 92' lang='grc'><strong>23</strong></span> 
     </span>
     <span class='ocr_line' id='line_1_28' title="bbox 57 2667 1072 2754; baseline -0.002 -20"><span class='ocrx_word' id='word_1_220' title='bbox 57 2690 146 2753; x_wconf 83' lang='lat' dir='ltr'><strong>aqua</strong></span> <span class='ocrx_word' id='word_1_221' title='bbox 174 2671 207 2733; x_wconf 89' lang='lat' dir='ltr'><strong>et</strong></span> <span class='ocrx_word' id='word_1_222' title='bbox 233 2669 450 2754; x_wconf 83' lang='lat' dir='ltr'><strong>perunguitur</strong></span> <span class='ocrx_word' id='word_1_223' title='bbox 478 2670 549 2734; x_wconf 88' lang='lat' dir='ltr'><strong>oleo</strong></span> <span class='ocrx_word' id='word_1_224' title='bbox 578 2673 611 2732; x_wconf 88' lang='lat' dir='ltr'><strong>et</strong></span> <span class='ocrx_word' id='word_1_225' title='bbox 633 2669 709 2734; x_wconf 89' lang='lat' dir='ltr'><strong>vino</strong></span> <span class='ocrx_word' id='word_1_226' title='bbox 733 2667 909 2752; x_wconf 84' lang='lat' dir='ltr'><strong>tepefact0‚</strong></span> <span class='ocrx_word' id='word_1_227' title='bbox 938 2669 1072 2732; x_wconf 88' lang='lat' dir='ltr'><strong>etitem</strong></span> 
     </span>
    </p>
   </div>
   <div class='ocr_carea' id='block_1_3' title="bbox 53 2876 1071 3231">
    <p class='ocr_par' dir='ltr' id='par_1_3' title="bbox 53 2876 1071 3231">
     <span class='ocr_line' id='line_1_29' title="bbox 148 2876 1070 2948; baseline 0.001 -17"><span class='ocrx_word' id='word_1_228' title='bbox 148 2883 164 2931; x_wconf 91' lang='lat'>1</span> <span class='ocrx_word' id='word_1_229' title='bbox 185 2878 265 2948; x_wconf 88' lang='lat' dir='ltr'><strong>quot]</strong></span> <span class='ocrx_word' id='word_1_230' title='bbox 285 2877 361 2945; x_wconf 88' lang='lat' dir='ltr'><strong>quod</strong></span> <span class='ocrx_word' id='word_1_231' title='bbox 424 2882 440 2931; x_wconf 84' lang='lat'><strong>3</strong></span> <span class='ocrx_word' id='word_1_232' title='bbox 460 2876 605 2945; x_wconf 79' lang='lat' dir='ltr'><strong>subgrumi</strong></span> <span class='ocrx_word' id='word_1_233' title='bbox 668 2883 683 2930; x_wconf 74' lang='lat'><strong>7</strong></span> <span class='ocrx_word' id='word_1_234' title='bbox 703 2877 751 2945; x_wconf 92' lang='lat' dir='ltr'><strong>qui</strong></span> <span class='ocrx_word' id='word_1_235' title='bbox 769 2876 825 2930; x_wconf 92' lang='lat' dir='ltr'><strong>iam</strong></span> <span class='ocrx_word' id='word_1_236' title='bbox 845 2876 920 2948; x_wconf 90' lang='lat' dir='ltr'><strong>puri]</strong></span> <span class='ocrx_word' id='word_1_237' title='bbox 939 2878 1070 2947; x_wconf 88' lang='lat' dir='ltr'><strong>quoniam</strong></span> 
     </span>
     <span class='ocr_line' id='line_1_30' title="bbox 53 2946 1071 3020; baseline 0 -18"><span class='ocrx_word' id='word_1_238' title='bbox 53 2949 120 3020; x_wconf 81' lang='lat' dir='ltr'><strong>pori</strong></span> <span class='ocrx_word' id='word_1_239' title='bbox 192 2954 226 3002; x_wconf 90' lang='lat'><strong>10</strong></span> <span class='ocrx_word' id='word_1_240' title='bbox 249 2948 350 3017; x_wconf 89' lang='lat' dir='ltr'><strong>optimi</strong></span> <span class='ocrx_word' id='word_1_241' title='bbox 423 2954 454 3003; x_wconf 96' lang='lat'><strong>11</strong></span> <span class='ocrx_word' id='word_1_242' title='bbox 477 2949 644 3017; x_wconf 84' lang='lat' dir='ltr'><strong>multiplexa</strong></span> <span class='ocrx_word' id='word_1_243' title='bbox 669 2946 830 3001; x_wconf 76' lang='lat' dir='ltr'><strong>necessaria</strong></span> <span class='ocrx_word' id='word_1_244' title='bbox 858 2949 1016 3017; x_wconf 87' lang='lat' dir='ltr'><strong>(multiplex</strong></span> <span class='ocrx_word' id='word_1_245' title='bbox 1039 2965 1071 3002; x_wconf 89' lang='lat' dir='ltr'><strong>ac</strong></span> 
     </span>
     <span class='ocr_line' id='line_1_31' title="bbox 53 3018 1070 3088; baseline -0.002 -13"><span class='ocrx_word' id='word_1_246' title='bbox 53 3019 217 3075; x_wconf 75' lang='lat' dir='ltr'><strong>necessaria</strong></span> <span class='ocrx_word' id='word_1_247' title='bbox 234 3020 306 3088; x_wconf 84' lang='lat' dir='ltr'><strong>Pol.)</strong></span> <span class='ocrx_word' id='word_1_248' title='bbox 397 3024 430 3073; x_wconf 88' lang='lat'><strong>14</strong></span> <span class='ocrx_word' id='word_1_249' title='bbox 447 3018 638 3073; x_wconf 88' lang='lat' dir='ltr'><strong>inhominem</strong></span> <span class='ocrx_word' id='word_1_250' title='bbox 657 3018 696 3086; x_wconf 86' lang='lat' dir='ltr'><strong>(in</strong></span> <span class='ocrx_word' id='word_1_251' title='bbox 713 3018 827 3072; x_wconf 90' lang='lat' dir='ltr'><strong>homine</strong></span> <span class='ocrx_word' id='word_1_252' title='bbox 846 3021 1005 3088; x_wconf 79' lang='lat' dir='ltr'><strong>opopropba</strong></span> <span class='ocrx_word' id='word_1_253' title='bbox 1029 3035 1070 3073; x_wconf 83' lang='lat' dir='ltr'><strong>re-</strong></span> 
     </span>
     <span class='ocr_line' id='line_1_32' title="bbox 53 3089 1071 3158; baseline -0.003 -13"><span class='ocrx_word' id='word_1_254' title='bbox 53 3091 191 3158; x_wconf 78' lang='lat' dir='ltr'><strong>centiora)</strong></span> <span class='ocrx_word' id='word_1_255' title='bbox 298 3108 385 3144; x_wconf 91' lang='lat' dir='ltr'><strong>unum</strong></span> <span class='ocrx_word' id='word_1_256' title='bbox 405 3090 542 3156; x_wconf 81' lang='lat' dir='ltr'><strong>adquam</strong></span> <span class='ocrx_word' id='word_1_257' title='bbox 645 3090 735 3144; x_wconf 86' lang='lat' dir='ltr'><strong>altera</strong></span> <span class='ocrx_word' id='word_1_258' title='bbox 754 3106 826 3157; x_wconf 89' lang='lat' dir='ltr'><strong>quae</strong></span> <span class='ocrx_word' id='word_1_259' title='bbox 931 3095 963 3143; x_wconf 82' lang='lat'><strong>15</strong></span> <span class='ocrx_word' id='word_1_260' title='bbox 982 3089 1071 3142; x_wconf 87' lang='lat' dir='ltr'><strong>faetor</strong></span> 
     </span>
     <span class='ocr_line' id='line_1_33' title="bbox 53 3159 1069 3231; baseline -0.003 -15"><span class='ocrx_word' id='word_1_261' title='bbox 53 3167 89 3216; x_wconf 88' lang='grc'><strong>20</strong></span> <span class='ocrx_word' id='word_1_262' title='bbox 108 3159 219 3231; x_wconf 75' lang='lat' dir='ltr'><strong>frigora</strong></span> <span class='ocrx_word' id='word_1_263' title='bbox 255 3165 289 3215; x_wconf 91' lang='grc'>21</span> <span class='ocrx_word' id='word_1_264' title='bbox 309 3164 360 3216; x_wconf 89' lang='lat' dir='ltr'><strong>aut</strong></span> <span class='ocrx_word' id='word_1_265' title='bbox 377 3161 488 3231; x_wconf 88' lang='lat' dir='ltr'><strong>contra]</strong></span> <span class='ocrx_word' id='word_1_266' title='bbox 508 3163 540 3214; x_wconf 89' lang='lat' dir='ltr'><strong>ut</strong></span> <span class='ocrx_word' id='word_1_267' title='bbox 559 3160 728 3215; x_wconf 85' lang='lat' dir='ltr'><strong>contrariam</strong></span> <span class='ocrx_word' id='word_1_268' title='bbox 748 3161 790 3228; x_wconf 85' lang='lat' dir='ltr'><strong>(ut</strong></span> <span class='ocrx_word' id='word_1_269' title='bbox 809 3159 980 3214; x_wconf 85' lang='lat' dir='ltr'><strong>contrarium</strong></span> <span class='ocrx_word' id='word_1_270' title='bbox 999 3161 1069 3228; x_wconf 87' lang='lat' dir='ltr'><strong>Pol.)</strong></span> 
     </span>
    </p>
   </div>
   <div class='ocr_carea' id='block_1_4' title="bbox 52 3238 212 3288">
    <p class='ocr_par' dir='ltr' id='par_1_4' title="bbox 52 3238 212 3288">
     <span class='ocr_line' id='line_1_34' title="bbox 52 3238 212 3288; baseline 0 -2"><span class='ocrx_word' id='word_1_271' title='bbox 52 3238 90 3288; x_wconf 81' lang='lat'><strong>25</strong></span> <span class='ocrx_word' id='word_1_272' title='bbox 109 3247 143 3286; x_wconf 85' lang='lat' dir='ltr'><strong>oe</strong></span> <span class='ocrx_word' id='word_1_273' title='bbox 162 3247 212 3287; x_wconf 88' lang='lat' dir='ltr'><strong>om.</strong></span> 
     </span>
    </p>
   </div>
   <div class='ocr_carea' id='block_1_5' title="bbox 49 3424 1069 3637">
    <p class='ocr_par' dir='ltr' id='par_1_5' title="bbox 49 3424 1069 3637">
     <span class='ocr_line' id='line_1_35' title="bbox 145 3424 1069 3496; baseline -0.004 -17"><span class='ocrx_word' id='word_1_274' title='bbox 145 3424 308 3480; x_wconf 66' lang='lat' dir='ltr'><strong>oeubrumi</strong></span> <span class='ocrx_word' id='word_1_275' title='bbox 325 3426 481 3481; x_wconf 72' lang='lat' dir='ltr'><strong>Beroaldus</strong></span> <span class='ocrx_word' id='word_1_276' title='bbox 541 3432 573 3481; x_wconf 89' lang='lat'><strong>10</strong></span> <span class='ocrx_word' id='word_1_277' title='bbox 592 3427 680 3496; x_wconf 89' lang='lat' dir='ltr'><strong>opimi</strong></span> <span class='ocrx_word' id='word_1_278' title='bbox 698 3427 842 3482; x_wconf 58' lang='grc' dir='ltr'><strong>[πομπείας</strong></span> <span class='ocrx_word' id='word_1_279' title='bbox 898 3431 931 3478; x_wconf 87' lang='grc'><strong>14</strong></span> <span class='ocrx_word' id='word_1_280' title='bbox 950 3425 1069 3478; x_wconf 84' lang='lat' dir='ltr'><strong>altarum</strong></span> 
     </span>
     <span class='ocr_line' id='line_1_36' title="bbox 51 3496 1069 3567; baseline -0.005 -15"><span class='ocrx_word' id='word_1_281' title='bbox 51 3513 111 3566; x_wconf 86' lang='lat' dir='ltr'><strong>quo</strong></span> <span class='ocrx_word' id='word_1_282' title='bbox 128 3496 276 3552; x_wconf 70' lang='lat' dir='ltr'><strong>laomdce</strong></span> <span class='ocrx_word' id='word_1_283' title='bbox 385 3501 418 3550; x_wconf 78' lang='lat'><strong>15</strong></span> <span class='ocrx_word' id='word_1_284' title='bbox 441 3497 539 3567; x_wconf 87' lang='lat' dir='ltr'><strong>pastor</strong></span> <span class='ocrx_word' id='word_1_285' title='bbox 556 3514 603 3552; x_wconf 85' lang='lat' dir='ltr'><strong>mo</strong></span> <span class='ocrx_word' id='word_1_286' title='bbox 710 3502 743 3551; x_wconf 88' lang='grc'><strong>21</strong></span> <span class='ocrx_word' id='word_1_287' title='bbox 768 3499 818 3550; x_wconf 86' lang='lat' dir='ltr'><strong>aut</strong></span> <span class='ocrx_word' id='word_1_288' title='bbox 841 3498 939 3552; x_wconf 87' lang='lat' dir='ltr'><strong>contra</strong></span> <span class='ocrx_word' id='word_1_289' title='bbox 955 3497 1069 3563; x_wconf 85' lang='lat' dir='ltr'><strong>proptor</strong></span> 
     </span>
     <span class='ocr_line' id='line_1_37' title="bbox 49 3566 839 3637; baseline 0.001 -14"><span class='ocrx_word' id='word_1_290' title='bbox 49 3567 163 3623; x_wconf 86' lang='lat' dir='ltr'><strong>nullam</strong></span> <span class='ocrx_word' id='word_1_291' title='bbox 183 3566 331 3624; x_wconf 59' lang='lat' dir='ltr'><strong>locamus</strong></span> <span class='ocrx_word' id='word_1_292' title='bbox 403 3573 438 3621; x_wconf 79' lang='grc'>24</span> <span class='ocrx_word' id='word_1_293' title='bbox 457 3567 623 3637; x_wconf 86' lang='lat' dir='ltr'><strong>adapertum</strong></span> <span class='ocrx_word' id='word_1_294' title='bbox 642 3585 673 3623; x_wconf 81' lang='lat' dir='ltr'><strong>or</strong></span> <span class='ocrx_word' id='word_1_295' title='bbox 692 3569 839 3624; x_wconf 65' lang='lat' dir='ltr'><strong>Iucundos</strong></span> 
     </span>
    </p>
   </div>
   <div class='ocr_carea' id='block_1_6' title="bbox 0 0 1220 3952">
    <p class='ocr_par' dir='ltr' id='par_1_6' title="bbox 0 0 1220 3952">
     <span class='ocr_line' id='line_1_38' title="bbox 0 0 1220 3952; baseline 0 4"><span class='ocrx_word' id='word_1_296' title='bbox 0 0 1220 3952; x_wconf 95' lang='lat' dir='ltr'><strong> </strong></span> 
     </span>
    </p>
   </div>
  </div>
 </body>
</html>
