2430 3952
258 250 388 305 RERVM
406 249 644 306 RVSTICARVM
662 250 728 305 ΗΒ.
748 251 786 305 111
807 256 911 306 ro-rr
1022 252 1085 316 149

70 397 120 463 sic
139 395 225 460 enim
244 396 352 460 cibum
371 396 511 480 capiunt
548 418 659 460 omnes
682 396 822 479 parietes
845 396 982 460 tectorio
1007 397 1115 462 levi-3

69 488 205 571 gantur,
233 505 276 548 ns
303 484 403 548 faeles
432 485 535 550 aliave
564 506 645 568 quae
674 484 779 548 bestia
805 485 942 548 introire
965 483 1006 548 ad
1028 506 1085 549 no-

70 573 207 640 cendum
235 573 355 656 possit,
382 573 478 657 idque
506 576 654 656 saeptum
681 577 787 637 totum
815 577 884 637 rete
907 573 1085 656 grandibus

68 661 207 727 maculis
234 661 406 746 integitur,
431 682 473 725 ne
502 683 540 725 eo
567 661 712 726 involare
739 662 850 745 aquila
876 661 983 745 possit
1005 683 1086 726 neve

38 748 137 838 s[ea]
167 750 296 815 evolare
324 771 411 814 anas.
456 750 610 832 pabulum
637 750 678 813 iis
708 749 802 813 datur
824 750 985 834 triticum,
1011 751 1086 815 hor·

71 839 181 920 deum,
207 837 346 921 vinacei,
374 839 483 918 [uvae]
512 860 578 902 non
604 860 778 922 numquam
809 839 907 903 etiam
939 860 978 902 ex
1001 861 1086 924 aqua

70 927 226 992 cammari
250 930 283 990 et
304 925 463 1009 quaedam
487 928 554 991 eius
578 927 666 991 modi
688 927 854 1012 aquatilia.
890 949 972 1012 quae
994 928 1029 991 in
1047 949 1085 993 eo

71 1018 184 1098 saepto
217 1018 312 1079 erunt
342 1014 497 1098 piscinae,
528 1016 562 1079 iu
594 1037 648 1080 eas
681 1038 799 1100 aquam
830 1016 921 1101 large
952 1015 1085 1080 influere

72 1106 212 1188 oportet,
234 1107 271 1168 ut
293 1124 421 1185 semper
442 1125 553 1167 recens
577 1104 629 1168 sit.

25 1215 55 1254 10
162 1189 245 1256 Sunt
270 1192 349 1255 item
375 1213 442 1256 non
471 1191 641 1256 dissimilia
669 1192 734 1256 alia
764 1214 895 1277 genera,
929 1195 966 1256 ut
993 1199 1115 1276 quer-4

71 1280 240 1365 quedulae,
263 1279 457 1364 phalerides,
481 1281 527 1344 sic
549 1281 703 1364 perdices,
727 1303 817 1365 quae,
847 1285 884 1346 ut
907 1281 1085 1346 Archelaus

71 1369 198 1453 scribit,
222 1389 300 1433 voce
323 1369 421 1433 maris
446 1368 557 1433 audita
580 1369 773 1452 concipiunt.
820 1392 911 1454 quae,
933 1374 970 1433 ut
993 1392 1086 1455 supe-

69 1457 183 1541 riores,
206 1478 309 1540 neque
331 1462 466 1540 propter
489 1456 718 1521 fecunditatem
737 1478 841 1540 neque
859 1462 994 1541 propter
1013 1481 1087 1522 sua-

70 1546 207 1610 vitatem
231 1546 421 1629 saginantur
438 1549 471 1609 et
485 1547 530 1610 sic
548 1545 709 1630 pascendo
728 1546 812 1609 fiunt
829 1546 979 1629 pingues.
1001 1546 1086 1629 quod

25 1655 55 1697 15
71 1634 113 1699 ad
146 1634 360 1698 villaticarum
392 1634 578 1717 pastionum
610 1634 750 1717 primum
784 1639 892 1698 actum
924 1635 1086 1717 pertinere

71 1744 145 1787 sum
167 1725 267 1806 ratus,
290 1722 364 1787 dixi.

161 1809 289 1874 Interea
307 1812 390 1875 redit
407 1810 544 1895 Appius
568 1814 600 1874 et
617 1811 802 1894 percontati
824 1834 884 1876 nos
908 1812 948 1874 ab
972 1811 1029 1875 illo
1050 1814 1140 1878 etXII

71 1900 128 1963 ille
157 1922 177 1962 a
204 1899 313 1982 nobis,
342 1899 418 1983 quid
446 1904 532 1963 esset
562 1899 682 1965 dictum
712 1922 749 1964 ac
771 1899 902 1966 factum.
950 1899 1087 1984 Appius,

71 1987 237 2072 Sequitur,
271 1987 392 2072 inquit,
422 1992 512 2052 actus
541 1989 672 2053 secundi
694 1989 822 2074 generis
846 1989 1023 2054 adficticius
1047 1989 1087 2054 ad

30 2099 59 2139 ro
73 2076 187 2140 villam
212 2077 266 2159 qui
290 2077 373 2140 solet
397 2098 477 2156 esse,
507 2098 544 2141 ac
567 2079 695 2142 nomine
719 2078 826 2142 antico
851 2101 870 2142 a
893 2081 985 2161 parte
1009 2100 1087 2162 qua·

72 2164 148 2228 dam
166 2165 363 2248 leporarium
383 2165 592 2249 appellatum.
619 2188 695 2229 nam
713 2187 817 2249 neque
836 2168 938 2231 solum
958 2167 1086 2248 lepores

71 2255 108 2318 iu
136 2274 173 2317 eo
197 2253 405 2318 includuntur
428 2254 523 2336 silva,
550 2257 588 2317 ut
615 2255 691 2318 olim
714 2254 748 2317 in
772 2255 885 2337 iugero
910 2255 1008 2337 agelli
1031 2260 1088 2318 aut

72 2341 209 2425 duobus,
227 2341 282 2406 sed
305 2342 403 2407 etiam
418 2342 504 2406 cervi
518 2345 574 2406 aut
588 2363 721 2425 capreae
736 2342 768 2405 in
784 2342 950 2426 iugeribus
965 2342 1087 2406 multis.

73 2428 213 2505 Quintus
245 2429 377 2494 Fulvius
405 2430 563 2515 Lippinus
596 2431 713 2494 dicitur
741 2430 861 2494 habere
889 2431 923 2493 in
950 2429 1087 2513 Tarqui·

31 2538 59 2579 ss
74 2519 181 2583 niensi
206 2524 319 2603 saepta
342 2521 454 2603 iugera
476 2519 702 2604 quadraginta,
725 2520 759 2583 in
782 2540 845 2603 quo
869 2523 945 2583 sunt
963 2519 1087 2582 inclusa

72 2629 141 2671 non
165 2608 271 2672 solum
294 2630 333 2671 ea
356 2630 438 2693 quae
461 2608 540 2690 dixi,
563 2608 619 2673 sed
643 2609 741 2672 etiam
766 2629 841 2672 oves
864 2607 964 2690 ferae,
988 2607 1087 2670 etiam

72 2697 136 2760 hoc
160 2695 264 2760 maius
288 2695 341 2760 hic
364 2698 399 2761 in
422 2695 622 2760 Statoniensi
645 2700 679 2760 et
697 2697 828 2780 quidam
847 2697 881 2760 in
900 2697 980 2760 locis
1000 2695 1087 2778 aliis3

73 2784 108 2847 in
133 2781 241 2848 Gallia
265 2806 341 2849 vero
364 2785 569 2869 transalpina
592 2785 628 2848 T.
647 2784 821 2868 Pompeius
843 2788 972 2849 tantum
995 2791 1116 2868 saep-2

71 2876 144 2936 tum
167 2873 358 2956 venationis,
381 2877 418 2937 ut
440 2874 568 2938 circiter
590 2895 629 2935 00
649 2896 688 2936 00
707 2894 748 2934 oo
766 2894 806 2934 oo
828 2895 960 2957 passum
978 2873 1086 2938 locum

28 2980 57 3020 co
71 2960 234 3027 inclusum
256 2961 385 3027 habeat.
430 2965 598 3046 praeterea
628 2963 663 3025 in
686 2963 798 3027 eodem
822 2965 996 3045 consaepto
1019 2962 1086 3026 fere

70 3050 192 3114 habere
217 3050 323 3115 solent
347 3051 399 3133 [de
423 3050 634 3130 animalibus]
664 3050 814 3115 cocliaria
843 3055 939 3135 atque
963 3050 1087 3115 alvaria

72 3142 170 3221 atque
193 3139 291 3202 etiam
316 3139 412 3223 dolia,
435 3139 492 3202 ubi
515 3139 657 3203 habeant
680 3140 848 3205 conclusos
875 3140 982 3223 glires.
1030 3138 1086 3202 scd

163 3311 336 3383 tgammari
426 3317 461 3366 20
487 3313 602 3380 antiquo
627 3312 731 3382 (antico
756 3313 814 3369 cod.
834 3314 913 3381 Pur.)
1003 3316 1037 3364 22
1056 3304 1087 3363 in

72 3386 138 3438 autc
156 3400 188 3437 eo
207 3399 258 3438 om.
330 3388 365 3437 25
384 3383 508 3438 inclusas

164 3533 180 3580 6
199 3542 270 3580 uvae
289 3525 387 3580 delevit
405 3525 559 3581 Pontedera
571 3542 603 3595 p.
618 3529 672 3580 454
762 3530 796 3578 22
822 3523 853 3577 in
876 3540 909 3579 eo
935 3523 992 3578 cod.
1017 3523 1086 3578 Par.

74 3602 109 3650 25
137 3595 247 3651 inclusa
271 3596 415 3651 Iucundos
505 3602 538 3650 31
568 3598 602 3651 de
631 3595 800 3650 animalibus
818 3596 931 3651 inclusit
951 3594 1087 3651 domnus
