2430 3952
145 217 208 282 118
564 217 750 273 VARRONIS

143 363 277 447 poribus
301 363 487 428 meridianis
510 362 615 443 horis,
644 364 776 427 tametsi
798 366 932 447 propter
954 365 1027 429 loca
1050 365 1083 428 et
1105 384 1162 446 pa·

143 452 255 517 bulum
280 451 434 536 disparile
456 472 524 517 non
545 472 648 535 usque
672 473 799 536 quaque
822 451 908 515 idem
929 452 975 516 fit.
1010 452 1047 517 ta
1064 451 1162 516 lactis

144 541 224 607 duos
249 541 382 624 congios
406 539 529 605 addunt
553 541 725 625 coagulum
749 540 972 624 magnitudine
995 541 1103 626 oleae,
1125 544 1163 605 ut

144 633 247 712 coeat,
277 629 362 712 quod
386 629 500 694 melius
526 630 707 714 leporinum
732 633 765 693 et
787 628 961 693 haedinum
985 650 1084 714 quam
1108 648 1163 714 ag-

143 719 267 783 ninum.
313 717 369 783 alii
395 739 454 802 pro
484 719 620 802 coagulo
652 716 774 782 addunt
797 718 836 782 de
858 718 913 782 fici
935 739 1026 782 ramo
1050 718 1189 783 laceto

145 811 281 891 acetum,
303 810 483 891 aspargunt
495 806 575 872 item
590 807 663 872 aliis
679 806 805 890 aliquot
818 806 925 886 rebus,
945 806 1031 891 quod
1047 806 1162 891 [quod]

116 893 261 960 5Graeci
281 897 448 980 appellant
467 896 522 960 alii
541 889 636 977 ὀπόν,
655 895 710 959 alii
731 891 889 980 δάκρυον.
916 893 993 959 Non
1005 897 1164 981 negarim,

145 984 382 1068 inquam-ideo
407 988 486 1070 aput
509 985 602 1049 divae
625 984 784 1048 Ruminae
807 984 962 1049 sacellum
986 985 1163 1068 apastori·

146 1073 206 1137 bus
231 1076 337 1138 satam
361 1074 465 1137 ficum.
503 1072 549 1136 ibi
574 1073 659 1137 enim
679 1074 785 1138 solent
803 1073 979 1138 sacrificari
996 1074 1081 1138 lacte
1100 1095 1162 1157 pro

146 1162 280 1226 vincet
305 1163 391 1245 [pro]
416 1162 622 1227 lactentibus.
669 1183 812 1226 mamma
834 1161 923 1225 enim
945 1161 1047 1226 rumis
1079 1162 1205 1244 [sivero

145 1249 339 1332 ruminare],
366 1253 403 1314 ut
431 1254 507 1314 ante
536 1250 697 1316 dicebant:
735 1273 754 1315 a
776 1250 862 1314 rumi
886 1250 984 1315 etiam
1007 1271 1092 1317 nunc
1115 1251 1163 1315 di-

118 1341 263 1403 tcuntur
287 1339 434 1403 subrumi
458 1339 548 1424 agni,
578 1339 736 1404 lactantes
760 1361 780 1403 a
802 1340 896 1405 lacte.
942 1338 1006 1416 oui
1028 1340 1163 1425 aspargi

146 1426 252 1491 solent
276 1427 370 1512 sales,
396 1429 510 1493 melior
533 1428 658 1494 fossilis
681 1449 778 1512 quam
801 1429 956 1492 marinus.

233 1515 283 1579 De
296 1519 433 1582 tonsura
448 1517 556 1583 ovium
571 1518 711 1600 primum
731 1516 966 1594 animadverto,
984 1517 1162 1600 antequam

144 1604 298 1688 incipiam
322 1605 438 1689 facere,
460 1628 538 1670 num
563 1606 704 1670 scabiem
729 1609 786 1669 aut
809 1606 917 1669 ulcera
940 1605 1092 1690 habeant,
1116 1609 1162 1684 ut,
1178 1626 1204 1668 rs

146 1693 174 1756 si
193 1715 275 1777 opus
295 1698 448 1777 estante
468 1698 630 1776 curentur,
650 1716 747 1780 quam
765 1694 969 1758 tondeantur.
1005 1695 1162 1758 tonsurae

143 1785 271 1865 tempus
295 1783 380 1846 inter
404 1783 643 1867 aequinoctium
666 1804 799 1847 vernum
826 1785 859 1846 et
877 1781 1065 1865 solstitium,
1087 1803 1162 1846 cum

145 1870 260 1934 sudare
279 1871 470 1953 inceperunt
489 1893 573 1956 oves,
592 1892 693 1956 aquo
713 1869 829 1936 sudore
847 1892 959 1935 recens
974 1870 1051 1934 lana
1063 1873 1163 1936 tonsa

72 1995 77 2005 ·
116 1959 257 2023 ‘Isucida
276 1959 440 2042 appellata
459 1962 518 2025 est.
549 1964 662 2024 tonsas
680 1963 825 2025 recentes
844 1959 957 2026 eodem
976 1958 1027 2023 die
1044 1979 1161 2042 perun·

144 2049 227 2130 gunt
254 2047 329 2111 rino
359 2042 392 2110 ct
422 2048 508 2131 oleo,
534 2069 601 2113 non
629 2069 723 2112 nemo
753 2048 896 2112 admixta
923 2069 997 2113 cera
1027 2047 1105 2112 alba
1127 2051 1162 2112 et
1176 2071 1204 2112 ao

145 2135 239 2217 adipe
268 2136 379 2220 suilla3
416 2139 448 2200 et
479 2136 507 2200 si
535 2157 573 2200 ea
595 2139 683 2201 tecta
707 2137 790 2200 solet
812 2159 891 2220 esse,
924 2157 1022 2221 quam
1043 2135 1162 2201 habuit

143 2223 261 2305 pellem
275 2223 441 2308 intectam,
460 2246 530 2289 eam
546 2225 740 2290 intrinsecus
756 2225 867 2290 eadem
883 2246 919 2289 re
937 2225 1161 2309 perinungunt

144 2314 177 2375 et
204 2315 320 2396 tegunt
350 2336 471 2378 rursus.
517 2315 610 2398 siqua
643 2315 677 2378 in
704 2317 840 2378 tonsura
866 2315 998 2398 plagam
1025 2314 1160 2397 accepit,

145 2422 217 2464 eum
240 2400 347 2466 locum
372 2402 524 2466 oblinunt
547 2404 618 2486 pice
636 2403 769 2486 liquida.
806 2424 881 2467 oves
900 2402 1005 2466 hirtas
1022 2401 1162 2466 tondent

144 2490 271 2554 circiter
292 2489 505 2556 hordeaceam
528 2513 677 2575 messem,
699 2492 735 2555 in
758 2490 831 2555 aliis
854 2491 936 2556 locis
959 2493 1035 2555 ante
1057 2489 1159 2555 faeni·
1175 2513 1203 2555 aa

114 2578 232 2645 8sicia.
262 2579 393 2664 quidam
412 2580 471 2644 has
492 2580 542 2644 bis
561 2580 596 2643 in
615 2601 699 2645 anno
720 2579 866 2664 tondent,
883 2582 921 2644 ut
942 2578 978 2644 in
995 2578 1160 2663 Hispania

143 2667 301 2751 citeriore,
325 2689 362 2733 ac
386 2672 580 2732 semenstres
598 2667 723 2732 faciunt
739 2670 906 2733 tonsuras:
930 2667 1092 2750 duplicem
1109 2667 1160 2732 in-

141 2754 288 2838 pendunt
311 2777 453 2841 operam,
476 2755 561 2840 quod
585 2757 631 2821 sic
653 2757 727 2840 plus
745 2759 863 2840 putant
881 2756 951 2820 fieri
967 2756 1073 2840 lanae,
1095 2777 1160 2841 quo

232 2953 246 3000 1
266 2948 363 3002 tamen
381 2946 406 3001 si
424 2948 488 3003 loca
505 2949 620 3018 propter
638 2949 667 3002 et
684 2946 821 3017 pabulum
882 2952 898 3002 2
917 2946 947 3000 in
965 2961 1016 3002 om.
1071 2951 1088 3001 6
1108 2945 1160 3000 ali-

143 3017 218 3086 quod
256 3018 330 3073 lali
349 3035 422 3088 opon
441 3019 480 3074 ali
498 3020 622 3074 dracuan
658 3019 816 3074 8rumniae
831 3017 983 3073 saccellum
1020 3022 1055 3072 10
1069 3032 1159 3071 mam-

142 3105 206 3142 mae
225 3089 298 3143 enim
317 3107 411 3143 rumus
458 3095 490 3143 11
511 3091 597 3161 nunc]
616 3090 682 3144 inde
733 3096 766 3144 12
781 3106 836 3157 qua
855 3088 951 3159 spargi
997 3092 1030 3142 13
1049 3086 1161 3143 fossiles

144 3160 311 3215 lassantem
347 3160 473 3216 alsuillo
509 3166 544 3215 25
553 3160 739 3216 hordeaceam
749 3159 970 3230 (ordeaoeamV)
1007 3159 1162 3214 loeniseoia

234 3362 247 3408 1
267 3356 382 3411 tametsi
400 3357 515 3425 propter
533 3355 597 3409 loca
615 3371 631 3410 a
686 3361 702 3410 2
722 3355 752 3410 in
769 3354 852 3410 lactis
877 3354 1017 3410 Victorius
1071 3357 1088 3406 6
1108 3350 1161 3407 ali·

142 3429 211 3494 quot
232 3428 329 3494 rebus,
361 3426 437 3495 quod
455 3425 589 3481 Graecia
664 3427 828 3493 Ἰδάκρυον
852 3427 993 3482 Victorius
1064 3423 1162 3504 Situ·

141 3497 234 3553 minae
254 3497 436 3553 Sebaetdcrus
492 3503 525 3552 10
544 3513 684 3552 mammae
704 3497 778 3552 enim
796 3497 918 3552 rumice
970 3501 1002 3550 13
1021 3493 1164 3549 fossilrse

142 3573 175 3622 21
196 3569 279 3638 adipe
299 3569 383 3624 suilla
401 3569 565 3625 stationae
579 3569 596 3624 l.
618 3569 645 3622 V
657 3586 686 3638 p.
702 3573 767 3638 168,
785 3573 822 3624 16
840 3574 866 3625 et
884 3568 902 3623 l.
921 3565 988 3622 VII
997 3582 1027 3636 p.
1041 3569 1109 3635 321,
1123 3570 1165 3623 20
