2430 3952
156 221 199 284 82
568 218 753 274 VARRONIS

156 365 279 448 amplo,
308 386 389 447 quae
416 365 493 428 lana
519 363 623 427 multa
653 363 697 426 sit
723 366 757 427 et
786 362 890 448 molli,
917 363 1007 428 villis
1035 363 1113 428 altis
1139 369 1170 430 et

156 453 264 516 densis
288 456 359 518 toto
382 473 530 536 corpore,
561 452 701 515 maxime
724 452 844 516 circum
867 452 1024 516 cervicem
1047 457 1081 517 et
1103 454 1169 519 col·

155 544 232 624 lum,
256 546 401 605 ventrem
425 562 552 625 quoque
575 545 612 604 ut
630 539 750 604 habeat
768 541 918 625 pilosum.
954 541 1066 624 itaque
1086 563 1169 626 quae

38 696 42 701 ,
155 632 187 694 id
211 652 277 694 non
299 631 436 712 habent,
464 631 602 693 maiores
630 629 735 692 nostri
765 629 874 712 apicas
898 629 1108 713 appellabant
1132 652 1170 695 ao

154 719 340 783 reiciebant.
392 739 462 782 esse
491 721 620 801 oportet
646 718 794 783 cruribus
823 717 1016 782 humilibus:
1053 718 1167 784 caudis
1192 739 1203 780 5

156 808 331 872 observant
352 810 390 869 ut
413 807 479 870 sint
497 807 532 870 in
549 806 647 870 Italia
666 806 810 888 prolixis,
833 807 867 869 in
887 803 984 889 Syria
1004 805 1169 874 brevibus.

122 897 188 960 4in
210 896 323 978 primis
346 894 520 959 videndum
547 898 581 958 ut
603 894 681 958 boui
700 895 832 958 seminis
851 915 948 978 pecus
967 893 1100 960 habeas.
1136 895 1170 960 id

154 984 221 1048 fere
251 1006 288 1048 ex
317 984 440 1047 duabus
468 983 565 1046 rebus
593 986 701 1065 potest
729 983 962 1066 animadverti,
994 1005 1034 1048 ex
1061 982 1171 1049 forma

154 1075 188 1136 et
204 1072 373 1156 progenie:
398 1094 436 1135 cx
457 1071 572 1155 forma,
592 1071 620 1134 si
635 1071 752 1135 arietes
767 1072 834 1136 sint
847 1071 952 1137 fronte
966 1072 1042 1136 lana
1055 1073 1170 1139 restiti

154 1162 245 1243 bene,
268 1160 365 1224 tortis
389 1160 541 1224 cornibus
564 1160 675 1242 pronis
700 1160 741 1223 ad
763 1162 915 1240 rostrum,
942 1161 1029 1224 ravis
1055 1161 1204 1243 oculissi

154 1249 231 1312 lana
254 1249 376 1332 opertis
401 1248 546 1330 auribus,
577 1247 686 1330 amplo
709 1253 850 1330 pectore,
881 1250 939 1329 [et]
969 1250 1112 1332 scapulis
1136 1255 1169 1315 et

155 1337 302 1401 clunibus
326 1336 411 1420 latis,
435 1336 536 1400 cauda
559 1336 627 1400 lata
645 1339 679 1400 et
697 1337 804 1421 longa.
842 1337 1167 1403 animadvertendum

153 1447 280 1509 quoque
308 1425 422 1510 lingua
450 1447 489 1489 ne
517 1425 613 1509 nigra
636 1429 692 1488 aut
714 1426 806 1490 varia
829 1426 886 1508 sit,
910 1426 995 1510 quod
1018 1425 1087 1490 fere
1111 1427 1168 1511 qui

153 1536 224 1579 eam
250 1514 373 1579 habent
398 1514 509 1599 nigros
537 1519 594 1578 aut
622 1514 729 1578 varios
762 1522 936 1596 procreant
966 1535 1081 1599 agnos.
1128 1536 1167 1579 cx

152 1603 307 1688 progenie
338 1606 446 1666 autern
477 1602 761 1685 animadvertitur,
795 1603 824 1667 si
856 1623 959 1688 agnos
991 1608 1202 1687 procreantis

120 1692 320 1758 5form0s0s.
369 1692 403 1754 in
432 1692 652 1775 emptionibus
680 1691 750 1755 iure
778 1691 899 1756 utimur
921 1712 972 1770 eo,
1004 1692 1089 1775 quod
1114 1692 1168 1757 lex

151 1779 368 1863 praescripsit.
414 1779 448 1842 in
471 1801 509 1843 ea
532 1780 617 1843 enim
642 1779 698 1843 alii
721 1781 825 1864 plura,
856 1779 913 1844 alii
935 1779 1091 1862 pauciora
1114 1802 1190 1845 ex··

151 1868 286 1951 cipiunt:
324 1866 454 1952 quidam
483 1868 568 1931 enim
596 1869 701 1951 pretio
729 1868 817 1933 facto
845 1869 880 1932 in
910 1868 1056 1952 singulas
1080 1890 1167 1953 ores,

150 1961 187 2020 ut
210 1955 287 2040 agui
314 1956 403 2019 cordi
430 1956 495 2019 duo
522 1977 580 2038 pro
609 1977 675 2019 una
703 1977 762 2019 ove
791 1956 1049 2039 adnumerentur,
1080 1961 1114 2022 et
1137 1957 1166 2022 si

150 2045 228 2128 quoi
249 2047 408 2108 vetustate
432 2044 543 2107 dentes
568 2044 694 2121 absunt,
719 2045 797 2109 item
821 2046 918 2111 binae
940 2067 1001 2130 pro
1020 2046 1160 2131 singulis
1174 2065 1200 2104 ιο

150 2137 187 2197 ut
205 2133 389 2215 procedant.
423 2132 462 2195 de
481 2132 605 2215 reliquo
625 2133 758 2216 antiqua
776 2134 843 2198 fere
862 2134 1002 2199 formula
1020 2138 1165 2200 utuntur.

151 2244 224 2285 cum
248 2225 374 2303 emptor
397 2221 478 2284 dixit
501 2219 598 2284 ‘tanti
622 2226 698 2286 sunt
721 2222 766 2285 mi
790 2220 955 2306 emptae?
979 2225 1013 2286 et
1035 2222 1092 2287 ille
1116 2245 1164 2288 re·

150 2309 282 2395 spondit
296 2307 396 2374 ‘sunt'
412 2314 445 2374 et
459 2310 648 2394 expromisit
661 2332 821 2394 nummos,
841 2315 970 2394 emptor
988 2310 1165 2394 stipulatur

121 2400 258 2483 6prisca
289 2398 429 2462 formula
457 2399 514 2480 sic,
548 2396 669 2463 ‘illasoe
698 2421 788 2481 oves,
820 2421 885 2484 qua
912 2400 950 2463 de
979 2421 1012 2464 re
1044 2402 1165 2485 agitur,

151 2510 247 2553 sanas
270 2492 356 2551 recte
380 2508 459 2570 esse,
483 2487 531 2550 uti
554 2509 651 2571 pecus
671 2487 816 2565 ovillum,
839 2488 924 2572 quod
943 2491 1029 2552 recte
1048 2505 1201 2553 sanumaa

152 2581 203 2640 est
226 2579 317 2640 extra
340 2577 463 2640 luscam
482 2576 613 2639 surdam
633 2576 763 2658 minam,
787 2576 819 2639 id
839 2581 889 2640 est
906 2579 1018 2641 ventre
1038 2577 1165 2661 glabro,

150 2686 253 2749 neque
278 2665 316 2728 de
339 2686 454 2748 pecore
478 2663 631 2728 morboso
657 2686 726 2728 esse
748 2665 931 2749 habereque
952 2667 1039 2730 recte
1058 2665 1165 2750 licere,

150 2753 231 2817 haec
259 2753 306 2818 sic
328 2756 413 2816 recte
436 2752 507 2815 fieri
536 2751 761 2834 spondesnel'.
799 2775 872 2818 cum
901 2753 935 2817 id
957 2753 1082 2818 factum
1105 2759 1165 2839 est,

150 2845 258 2906 tamen
287 2861 366 2924 grex
393 2841 558 2904 dominum
582 2861 648 2905 non
671 2842 817 2924 mutavit,
847 2841 912 2906 nisi
936 2842 964 2906 si
988 2845 1039 2906 est
1061 2843 1163 2908 adnu-

237 3032 357 3102 3quae]
376 3048 430 3100 quo
513 3033 695 3087 tobseruate
763 3033 827 3086 rid
848 3033 908 3088 fieri
927 3050 961 3088 ex
978 3016 1023 3101 (it
1037 3050 1072 3088 ex
1092 3034 1164 3103 Pol,

147 3102 177 3157 id
201 3102 262 3157 fieri
285 3120 319 3156 ex
342 3104 447 3173 apopr.)
526 3108 558 3156 10
582 3102 687 3172 promis
762 3110 793 3158 11
814 3104 903 3174 ampli
982 3109 1015 3158 14
1033 3105 1110 3176 eam]
1131 3121 1165 3160 ea

149 3182 182 3230 16
206 3190 261 3241 quo
284 3174 329 3227 lex
352 3175 436 3242 (quod
459 3174 504 3228 lex
528 3174 567 3243 V)
659 3181 693 3230 20
717 3176 794 3246 quoi]
821 3192 892 3243 quae
983 3181 1018 3230 24
1039 3175 1163 3246 illasque

150 3251 184 3302 26
209 3247 287 3299 lusca
303 3247 421 3315 (luscam
446 3245 485 3313 V)

148 3357 361 3365 .——-—.-—

237 3422 456 3492 3quaeidmo
512 3422 688 3476 lidferev
745 3429 777 3476 10
796 3423 891 3493 pronis
910 3440 958 3479 mo
1014 3429 1045 3477 11
1066 3425 1163 3494 amplo

147 3495 261 3563 pectore
285 3494 404 3550 Ursinus
495 3499 528 3547 14
547 3509 610 3547 eam
628 3494 767 3549 habento
859 3501 891 3549 19
911 3494 935 3549 ai
954 3495 998 3550 cui
1016 3496 1165 3551 Iunmdus

149 3571 184 3620 24
202 3565 300 3619 illasce
320 3566 465 3620 Iutrmdus
