2430 3952
146 219 189 284 26
559 216 745 273 vnaaouis

114 363 229 429 edunt
264 363 402 429 eosdem.
462 366 631 448 praeterea
666 364 728 428 hae
768 364 858 447 ipsae
890 366 1000 426 ternae
1034 364 1162 446 speeies

147 458 256 519 ternas
276 453 309 517 in
328 475 362 517 se
380 452 503 517 habent
522 452 612 535 alias,
631 452 716 535 quod
734 453 855 536 partim
875 456 951 515 sunt
973 451 1163 538 umidiores,

146 542 266 625 partim
291 541 461 620 aridiores,
489 541 609 625 partim
633 540 819 604 medioeres.
863 563 966 624 neque
989 562 1055 604 non
1078 541 1163 626 haq'o

146 630 334 694 discrimina
362 631 525 714 pertinent
553 630 593 693 ad
620 629 746 694 fructus
778 629 994 693 vehementer.
1020 647 1023 650 ·
1045 629 1160 712 itaque

146 718 244 801 periti
273 720 306 782 in
338 719 410 783 loco
443 719 601 782 umidiore
632 718 684 782 far
716 718 869 782 adoreum
903 716 1012 800 potius
1043 724 1194 784 seruntt

147 828 244 889 quam
277 807 436 891 triticum,
475 810 589 871 eontra
621 808 656 870 in
688 807 827 871 aridiore
859 806 1013 870 hordeum
1048 806 1161 889 potius

113 902 241 978 5quam
276 896 340 979 far,
373 897 407 958 in
438 895 593 959 medioori
625 899 806 978 utrumque.
859 900 1026 978 praeterea
1059 895 1161 960 etiam

147 984 335 1048 discrimina
359 986 502 1048 omnium
526 983 642 1048 horum
663 1005 817 1068 generum
836 983 1008 1047 subtiliora
1027 984 1109 1067 alia,·
1123 989 1162 1050 ut

146 1073 180 1135 in
204 1073 356 1137 sabulosa
379 1077 475 1155 terra,
499 1072 585 1156 quod
607 1072 654 1136 ibi
676 1072 778 1136 refert
801 1072 914 1136 sabulo
939 1072 1033 1135 albus
1053 1073 1161 1137 sitan

146 1161 353 1240 rubicundus,
368 1162 453 1243 quod
468 1161 624 1224 subalbus
641 1160 680 1224 ad
696 1161 848 1224 serendos
864 1161 1010 1225 surculos
1025 1161 1159 1242 alienus,
1173 1179 1195 1221 n

117 1248 120 1253 ’
147 1253 261 1313 eontra
284 1248 493 1314 rubicundior
517 1249 694 1331 adpositus.
741 1251 787 1314 sio
811 1269 932 1332 magna
954 1250 1019 1312 tria
1045 1249 1160 1315 disori-
1191 1248 1203 1308 .'

146 1338 236 1401 mina
258 1341 373 1420 terrae,
401 1338 486 1421 quod
509 1337 608 1402 refert
631 1342 739 1401 utrum
765 1339 807 1402 sit
830 1359 940 1401 maora
962 1359 1004 1400 an
1027 1338 1160 1423 pinguis

147 1447 189 1488 an
213 1426 392 1509 mediocris,
416 1427 500 1508 quod
524 1426 564 1490 ad
588 1427 748 1490 culturam
772 1427 903 1510 pinguis
926 1425 1094 1491 fecundior
1117 1427 1160 1492 ad

146 1515 258 1600 multa,
282 1536 391 1579 macra
414 1522 536 1580 eontra.
581 1515 692 1598 itaque
715 1514 748 1577 in
770 1516 868 1598 tenui,
891 1517 930 1577 ut
953 1515 986 1578 in
1009 1515 1159 1600 Pupinia,

145 1624 249 1686 neque
283 1604 414 1668 arbores
447 1604 590 1686 prolixae
623 1625 726 1686 neque
760 1603 844 1667 vites
879 1603 1014 1685 feraces,
1053 1621 1194 1689 nequer

146 1696 325 1756 stramenta
347 1692 456 1756 videre
480 1715 590 1757 crassa
613 1692 719 1774 possis
742 1713 846 1775 neque
865 1693 960 1755 ficum
985 1692 1161 1758 mariscum

114 1787 134 1842 6
147 1783 179 1843 et
194 1782 331 1844 arbores
340 1782 510 1865 plerasque
526 1803 563 1845 ao
577 1785 672 1863 prata
686 1780 846 1844 retorrida
860 1801 1016 1844 muscosa.
1044 1785 1161 1848 eontra

146 1869 179 1930 in
205 1889 283 1953 agro
308 1869 431 1953 pingui,
455 1874 490 1933 ut
513 1869 548 1932 in
571 1868 718 1952 Etruria,
743 1868 820 1932 lieet
840 1868 949 1933 ¹uidere
973 1872 1007 1933 et
1030 1874 1161 1954 segetes

145 1956 328 2020 fructuosas
357 1979 394 2021 eo
421 1957 578 2021 restibilis
608 1962 640 2021 et
670 1958 800 2021 arbores
823 1958 968 2039 prolixas
992 1961 1025 2020 et
1048 1959 1162 2024 omnia

146 2044 214 2108 sine
239 2067 358 2111 museo,
403 2045 437 2109 in
465 2045 619 2110 mediocri
643 2049 751 2110 autem
774 2050 871 2129 terra,
901 2050 937 2109 ut
959 2046 995 2108 in
1018 2044 1159 2126 Tiburti,
1174 2066 1198 2106 n

146 2154 208 2215 quo
236 2134 370 2218 propius
398 2134 520 2198 accedit
548 2139 584 2198 ut
611 2155 677 2198 non
707 2135 749 2197 sit
779 2156 903 2218 maora,
933 2156 1030 2217 quem
1054 2139 1091 2199 ut
1115 2137 1162 2201 sit

145 2221 262 2304 ieiuna,
282 2244 319 2286 eo
341 2222 381 2287 ad
396 2245 507 2288 omnes
525 2244 577 2286 res
597 2224 804 2305 commodior,
824 2245 920 2306 quam
940 2223 968 2286 si
985 2222 1163 2290 in'olinabit

115 2310 187 2374 lad
210 2311 290 2374 illud
309 2311 393 2393 quod
413 2311 563 2376 deterius.
601 2310 702 2392 Stolo,
726 2309 802 2375 Non
821 2312 914 2391 male,
937 2312 1052 2394 inquit,
1076 2329 1162 2395 quae
1200 2372 1204 2381 ,

146 2399 191 2461 sit
213 2399 329 2463 idonea
351 2405 439 2464 terra
463 2400 502 2464 ad
527 2400 697 2465 colendum
721 2403 874 2484 autnon,
898 2400 1085 2482 Diophanes
1106 2399 1162 2466 Bi·

146 2488 266 2570 thynos
291 2489 405 2552 soribit
429 2491 523 2572 signa
547 2490 630 2553 sumi
653 2510 748 2572 posse
772 2493 829 2552 eut
851 2510 889 2552 ex
908 2489 979 2571 ipsa
998 2494 1054 2552 aut
1072 2510 1160 2573 quae
1174 2509 1201 2552 as

145 2580 322 2640 nascuntur
345 2577 460 2641 exiis:
495 2600 533 2641 ex
557 2579 641 2660 ipsa,
666 2578 693 2640 si
717 2577 761 2640 sit
782 2579 870 2640 terra
894 2578 978 2659 alba,
1002 2578 1031 2640 si
1052 2578 1162 2663 nigra,

146 2665 173 2727 si
196 2665 286 2746 levis,
309 2685 390 2746 quae
410 2687 483 2729 cum
501 2666 653 2748 fodiatur,
676 2664 772 2728 facile
790 2665 914 2750 frietur,
937 2670 1055 2730 natura
1074 2688 1161 2749 quae

144 2773 211 2816 non
230 2753 273 2815 sit
291 2753 450 2816 oineraoia
469 2775 549 2817 neve
568 2753 775 2817 vehementer
794 2754 905 2818 densa:
930 2754 1027 2818 exiis
1048 2757 1161 2820 autem

145 2862 227 2923 quae
252 2847 347 2903 enata
371 2846 446 2905 sunt
468 2842 545 2924 fera,
569 2841 598 2905 si
621 2846 697 2905 sunt
720 2842 847 2924 prolixa
870 2847 968 2925 atque
988 2844 1052 2924 [ea]
1073 2864 1160 2927 quae

146 2951 184 2992 ex
210 2929 251 2992 iis
279 2929 368 2993 nasei
397 2930 514 2994 debent
538 2951 652 3018 earum
679 2952 787 2995 rerum
817 2930 981 3028 ferocias
991 2932 1046 2995 sed
1070 2932 1159 3015 quod
1174 2953 1203 2996 eo

145 3017 301 3099 sequitur,
325 3019 459 3082 tertium
482 3019 557 3083 illut
580 3019 618 3083 de
642 3019 746 3084 modis
769 3020 830 3085 dic.

236 3233 269 3280 14
287 3225 383 3294 itaque
401 3228 431 3280 in
450 3229 527 3283 tenui
559 3230 653 3298 itaque
672 3247 724 3284 nus
762 3235 794 3284 21
815 3229 890 3299 quod
908 3229 1023 3299 propius
1060 3235 1093 3284 22
1113 3229 1159 3288 in·

144 3297 264 3440 {inibit
277 3298 480 3423 (libidinauerit
537 3303 547 3368 )
637 3306 671 3354 29
695 3301 786 3370 adque
877 3305 911 3355 30
935 3302 1006 3369 quot
1029 3300 1159 3371 sequitur

215 3570 249 3618 21
269 3581 323 3634 quo
342 3565 457 3634 propius
481 3565 598 3622 Ursinus
