2430 3952
130 224 169 277 VI
532 221 738 276 PRAEFATIO

136 367 294 432 Marciani
323 367 441 432 codicis
470 368 624 432 lectiones
652 367 874 447 adnotaverat,
908 369 1023 449 postea
1053 367 1150 431 huius

134 478 260 541 quoque
289 458 479 539 scripturas,
513 457 568 520 sed
596 457 702 520 minus
735 458 883 520 accurate
917 459 1083 538 excerptas
1117 461 1149 520 et

134 546 232 609 rubro
253 545 360 609 colore
380 546 419 608 ab
440 545 505 608 illis
525 546 694 609 distinctas
714 544 899 626 adscripsit,
923 548 955 607 et
974 544 1148 627 Victo1ius,

133 633 189 716 qui
221 655 293 696 eum
326 657 366 697 ex
394 633 537 697 Medicea
565 633 765 698 bibliotheca
800 655 820 696 a
852 654 886 696 se
920 632 1148 717 depromptum
1185 648 1187 653 ’

133 744 204 786 esse
228 723 355 804 scribit,
384 724 512 805 saepius
541 724 609 786 eius
632 721 931 786 mentionem-fecit
959 725 992 784 et
1014 727 1149 806 propter

133 812 271 875 formam
293 811 477 874 litterarum
502 833 574 874 eum
599 812 794 895 gallicanum
816 811 867 874 vel
885 810 1010 892 gallicis
1029 810 1147 874 litteris

134 901 293 984 scriptum
321 901 374 964 vel
403 901 626 963 semiretereni
657 900 762 964 dicere
791 899 969 962 consucvit.
1019 902 1148 982 praeter

132 988 192 1052 hos
227 989 327 1052 libros
367 989 523 1052 collatum
557 989 718 1052 habebam
751 988 882 1051 tertium
916 986 1147 1051 Laurentia·

60 1095 61 1099 ’
133 1099 219 1140 num
253 1077 312 1160 51,
342 1081 358 1141 1
393 1078 444 1140 vel
478 1076 592 1159 primis
625 1077 729 1160 quinti
761 1076 877 1139 decimi
905 1077 957 1139 vel
994 1079 1147 1141 extremis

133 1165 241 1249 quarti
270 1165 385 1229 decimi
410 1165 528 1229 saeculi
557 1167 650 1229 annis
676 1166 845 1249 scriptum,
869 1185 973 1248 quem,
996 1168 1034 1228 ut
1058 1187 1077 1228 a
1099 1188 1147 1229 re·

133 1254 231 1338 liquis
251 1254 493 1337 distinguerem,
517 1254 737 1318 Florentinum
762 1254 836 1316 dixi.
870 1254 1016 1318 continet
1039 1260 1147 1318 autem

133 1341 266 1407 Catonis
298 1347 331 1406 et
360 1342 518 1406 Varronis
546 1343 659 1408 libros,
710 1344 887 1406 recentiore
918 1364 1013 1405 manu
1044 1344 1148 1406 multa

132 1431 166 1493 in
191 1454 227 1494 eo
253 1435 395 1495 correcta
419 1437 507 1514 sunt,
536 1453 672 1515 quorum
700 1453 777 1514 pars
801 1453 840 1494 ex
869 1429 1024 1514 Mediceo,
1052 1454 1147 1515 quem

103 1584 105 1588 ,
133 1520 230 1584 modo
254 1520 328 1603 dixi,
352 1520 544 1603 deprompta
568 1524 626 1583 est.

222 1609 274 1671 Ad
288 1609 544 1692 cognoscendam
560 1616 668 1672 autern
684 1607 877 1690 scripturam
897 1608 1016 1672 codicis
1036 1609 1147 1672 arche·

134 1697 213 1780 typi,
231 1709 333 1780 'quem
353 1701 428 1782 post
448 1697 629 1762 Victoriam
649 1719 744 1760 nemo
763 1697 854 1776 vidit,
878 1718 950 1760 cum
972 1697 1148 1779 plurimum

132 1785 218 1848 haud
243 1786 338 1848 dubie
362 1786 568 1850 tribuendum
593 1787 637 1850 sit
659 1785 819 1868 excerptis
841 1784 1009 1869 Politiani,
1038 1787 1147 1869 quiin

133 1874 321 1937 excutiendo
346 1875 454 1938 codice
478 1877 599 1938 maiore
626 1875 806 1958 diligentia,
830 1874 1026 1957 quamolim
1047 1875 1145 1958 vulgo

132 1962 203 2024 fieri
226 1963 366 2043 solebat,
394 1985 471 2026 usus
496 1969 559 2046 est,
583 1966 692 2026 tamen
716 1984 753 2026 ea
775 1984 834 2046 per
858 1984 891 2026 se
916 1964 986 2027 sola
1010 1963 1050 2026 ad
1075 1985 1146 2027 earn

132 2072 200 2113 rem
228 2073 293 2114 non
323 2051 537 2115 sufficiebant.
591 2073 695 2135 neque
736 2052 821 2115 enim
855 2051 994 2115 dubitari
1028 2055 1146 2134 potest,

133 2141 211 2221 quin
235 2141 338 2203 multa
362 2140 402 2202 ab
428 2162 465 2203 eo
487 2141 616 2222 omissa,
641 2141 798 2223 quaedam
819 2162 894 2204 vero
914 2142 1012 2206 etiam
1031 2164 1145 2225 parum

133 2236 280 2291 accurate
304 2228 446 2292 indicata
470 2231 544 2312 sint,
567 2229 600 2292 in
621 2230 736 2312 quihus
757 2230 955 2313 apographa,
978 2229 1013 2293 in
1032 2229 1145 2312 primis

132 2315 299 2380 Parisinus
328 2318 427 2380 codex
455 2321 488 2380 et
512 2317 747 2382 Laurentianus
772 2318 864 2399 51,4
888 2318 978 2403 (nam
1006 2318 1145 2402 reliquo·

132 2427 203 2468 rum
222 2406 329 2469 minor
352 2405 431 2470 fides
456 2406 529 2489 est),
552 2407 671 2472 rectius
695 2411 837 2471 veterem
861 2408 1055 2490 scripturam
1083 2429 1146 2469 ser-

132 2498 299 2558 vaverunt.
345 2496 408 2560 huc
433 2497 555 2559 accedit
577 2497 801 2560 testimonium
825 2494 973 2571 Victorii,
1001 2495 1055 2577 qui
1080 2495 1145 2557 dis-

133 2584 346 2647 sentientibus
371 2607 390 2647 a
414 2584 576 2648 Politiano
602 2582 798 2668 apographis
823 2604 861 2645 ea
884 2603 965 2663 quae
988 2583 1022 2644 in
1046 2604 1145 2648 manu

132 2671 262 2752 scriptis
296 2672 387 2734 libris
418 2694 504 2736 nunc
537 2674 690 2756 leguntur
722 2670 850 2753 saepius
882 2669 1076 2734 lectionibus
1106 2695 1144 2736 ex

131 2764 239 2822 vetere
263 2759 371 2823 codice
394 2761 533 2844 receptis
553 2761 732 2823 confirmat,
762 2758 813 2821 his
837 2759 938 2842 igitur
958 2761 1144 2825 auctoribus

132 2847 302 2931 adhibitis,
331 2870 403 2911 cum
426 2848 522 2912 facile
547 2851 731 2933 appareret,
760 2848 835 2931 quid
860 2849 960 2911 errori
984 2850 1035 2914 vel
1059 2849 1143 2914 Poli-

131 2936 212 2998 tiani
226 2937 276 2999 vel
292 2936 497 3000 librariorum
514 2937 721 3001 tribuendum
737 2940 831 3019 esset,
850 2937 1039 3021 plerumque
1055 2944 1142 3003 certo

132 3025 286 3088 constitui
309 3031 449 3107 poterat,
481 3027 558 3109 quid
581 3027 614 3089 in
639 3026 816 3108 archetypo
841 3027 996 3108 scriptum
1021 3028 1143 3093 fuisset.

132 3113 297 3176 nonnullis
335 3116 443 3178 lamen
461 3115 556 3178 locis
591 3137 627 3178 ea
662 3114 880 3197 discrepantia
912 3115 985 3179 inde
1016 3116 1145 3180 videtur

130 3203 306 3284 repetenda
329 3224 408 3284 esse,
437 3203 535 3287 quod,
564 3225 635 3267 cum
666 3204 772 3287 prima
796 3205 957 3286 scriptura
980 3204 1014 3267 in
1036 3210 1144 3269 vetere

131 3289 240 3353 codiee
269 3295 412 3354 correcta
435 3294 533 3370 essct,
567 3293 622 3355 alii
647 3293 789 3376 priorem
818 3292 1012 3374 scripturam
1042 3295 1144 3358 secuti

132 3384 232 3461 erant,
256 3379 310 3442 alii
333 3380 554 3462 posteriorem.
599 3381 709 3464 itaque
732 3381 766 3444 in
789 3380 961 3445 indicanda
984 3382 1145 3467 scriptura

131 3468 301 3551 archetypi
328 3469 389 3532 hac
416 3468 643 3534 ratione'usus
668 3493 754 3554 sum,
781 3476 817 3533 ut
841 3491 923 3553 quae
948 3471 1143 3554 comparatis

131 3556 217 3620 inter
240 3578 273 3620 se
301 3557 495 3621 lectionibus
524 3559 787 3645 apographorum
816 3563 849 3622 et
873 3560 1032 3642 excerptis
1056 3558 1144 3624 Poli-
