2430 3952
151 216 191 272 lv
546 218 750 274 PRAEFATIO

154 363 326 427 emendata
348 363 381 428 in
406 363 581 428 editionem
608 365 716 448 recepi
744 386 817 428 cum
844 366 1030 430 nominibus
1046 388 1168 441 eorum

154 451 271 535 quibus
295 452 479 517 emendatio
505 453 639 516 debetur
663 453 787 536 scripsi.
838 475 925 519 nunc
949 455 1042 519 etde
1066 456 1168 537 libris,

153 541 269 624 quibus
307 541 346 604 ad
381 542 573 625 scripturam
607 542 776 625 archetypi
803 544 1057 627 recuperandam
1089 567 1167 608 usus

153 652 240 710 sum,
274 634 307 693 et
334 630 373 694 de
402 630 680 694 emendationibus
712 652 792 714 quas
821 632 928 714 recepi
960 655 998 695 ea
1021 638 1104 717 qu'ae
1127 633 1167 696 ad

152 740 246 781 usum
265 719 444 803 legentium
464 741 543 802 opus
564 741 634 783 esse
654 720 724 783 visa
744 723 820 783 sunt
838 720 980 786 breviter
1000 743 1167 804 exponam.

151 828 228 870 nam
257 807 295 870 de
323 808 485 891 plerisque
515 829 596 892 quae
624 808 687 872 huc
715 810 878 890 pertinent
908 809 942 872 in
965 810 1167 892 praefatione

151 895 270 978 prioris
295 897 445 960 editionis
470 897 651 961 accuratius
674 897 796 960 dictum
820 901 879 962 est.

241 985 418 1068 Archetypi
457 985 558 1069 igitur
592 985 752 1069 scriptura
785 987 905 1068 partim
938 1008 977 1050 ex
1009 986 1050 1050 iis
1084 1008 1166 1070 quae

152 1072 335 1138 Politianus
372 1079 404 1137 et
431 1072 597 1138 Victorius
630 1097 669 1138 ex
704 1075 776 1156 ipso
811 1075 894 1139 libro
928 1075 1168 1139 adnotaverunt

151 1163 202 1226 uel
226 1166 426 1244 receperunt,
456 1162 575 1245 partim
600 1185 638 1226 ex
662 1163 861 1247 apographis
891 1186 973 1246 quae
1001 1185 1087 1228 nunc
1118 1187 1168 1228 su-

151 1255 288 1333 persunt
311 1251 451 1333 petenda
472 1251 544 1315 fuit.

240 1338 430 1403 Politiani
459 1342 643 1421 excerpta
671 1339 825 1423 leguntur
850 1341 884 1402 in
909 1342 1057 1424 exemplo
1081 1343 1168 1424 prin·

151 1428 231 1511 cipis
251 1428 402 1492 editionis
422 1429 618 1511 scriptorum
637 1429 683 1491 rei
702 1428 843 1492 rusticae
864 1451 891 1494 a.
913 1430 999 1494 1472
1019 1429 1167 1495 Venetiis

152 1516 235 1599 apud
269 1516 441 1581 Nicolaum
469 1517 644 1581 lensonum
673 1517 865 1600 impressae,
898 1519 984 1602 quod
1016 1540 1103 1583 nunc
1133 1519 1168 1582 in

150 1605 281 1689 publica
317 1606 517 1670 bibliotheca
550 1605 699 1669 Parisina
732 1611 887 1670 servatur.
941 1608 976 1670 in
1009 1629 1047 1671 eo
1081 1607 1166 1671 enim

150 1715 250 1758 manu
278 1694 434 1759 Politiani
463 1717 491 1760 a.
521 1696 606 1759 1482
635 1695 813 1777 scripturae
842 1695 975 1779 codicis,
1004 1697 1058 1779 qui
1088 1701 1167 1760 tunc

151 1779 338 1847 Florentiae
360 1784 394 1847 in
418 1783 617 1848 bibliotheca
641 1781 672 1847 S.
692 1782 795 1847 Marci
819 1788 898 1864 erat,
922 1785 970 1848 ita
994 1785 1166 1849 adnotatae

151 1877 242 1953 sunt,
264 1876 315 1956 ut,
339 1872 495 1955 quidquid
518 1871 613 1935 aliter
636 1872 669 1934 in
693 1873 936 1955 manuscripto
960 1873 1044 1938 libro
1069 1877 1167 1957 atque

150 1960 183 2023 in
222 1961 307 2025 edito
342 1961 489 2043 exemplo
522 1961 697 2045 legeretur,
732 1961 784 2025 vel
816 1961 849 2025 in
881 1962 1083 2046 marginibus
1116 1964 1168 2026 vel

150 2047 236 2112 inter
259 2071 371 2113 versus
396 2049 548 2113 editionis
573 2049 817 2113 adscriberetur.

240 2137 456 2219 Victorius,
484 2138 540 2222 qui
567 2139 637 2220 ipse
665 2159 791 2222 quoque
822 2138 962 2202 codicem
987 2142 1067 2221 tum,
1092 2160 1167 2204 cum

150 2225 184 2288 in
214 2224 379 2291 Marciana
412 2227 610 2291 bibliotheca
646 2231 723 2306 erat,
756 2219 934 2310 usurpdvit,
966 2226 1101 2293 Catonis
1133 2232 1166 2294 ct

150 2312 310 2379 Varronis
334 2315 435 2380 libros
456 2315 494 2378 de
513 2337 547 2378 re
566 2315 687 2379 rustica
706 2329 864 2379 unacum
883 2315 1166 2398 ‘explicationibus

151 2425 282 2466 suarum
310 2405 344 2468 in
368 2403 540 2488 Catonem,
569 2404 763 2485 Varronem,
793 2403 1002 2469 Columellam
1029 2407 1167 2491 castiga·

150 2492 288 2556 tionum'
308 2516 335 2560 a.
355 2493 440 2558 1541
461 2492 610 2577 Lugduni
630 2493 716 2576 apud
735 2492 962 2557 Sebastianum
983 2493 1167 2577 Gryphium

151 2581 259 2645 edidit.
288 2583 316 2645 is
336 2586 445 2646 autem
464 2605 528 2645 non
548 2583 654 2645 solum
674 2579 807 2644 Catonis
828 2585 860 2644 et
876 2580 1033 2646 Varronis
1054 2583 1166 2665 libros,

151 2669 207 2752 qui
234 2669 267 2732 in
297 2670 537 2753 antiquioribus
566 2669 761 2733 editionibus
790 2670 998 2733 vehementer
1021 2674 1167 2756 corrupti

151 2757 351 2841 ferebantur,
383 2759 507 2841 primus
537 2780 576 2821 ex
603 2761 711 2821 vetere
740 2757 847 2822 codice
877 2760 1077 2842 emendavit,
1109 2762 1166 2824 sed

151 2847 250 2910 etiam
279 2848 312 2910 in
342 2847 611 2929 explicationibus
640 2847 795 2911 lectiones
823 2870 921 2911 manu
953 2850 1066 2932 scripti
1089 2849 1167 2913 libri

151 2957 247 3018 saepe
276 2935 443 3016 indicavit,
478 2936 645 2999 nonnullis
678 2935 758 2999 locis
792 2936 889 3000 etiam
918 2943 1030 3001 notam
1058 2939 1166 3001 mendi

150 3023 185 3087 in
204 3028 311 3089 vetere
331 3024 439 3088 codice
459 3024 641 3107 adpositam
661 3047 730 3088 esse
750 3025 927 3089 adnotavit.
958 3025 1014 3089 sed
1037 3030 1168 3109 praeter

151 3133 189 3176 ea
213 3135 293 3197 quae
320 3113 354 3176 in
378 3113 642 3178 adnotationibus
662 3113 800 3177 Victorii
825 3137 841 3177 e
865 3115 973 3178 codice
1003 3115 1167 3198 adscripta

151 3206 228 3265 sunt
260 3202 360 3266 etiam
391 3204 464 3286 ipsa
498 3202 595 3267 editio
628 3202 714 3266 haud
747 3204 1015 3267 contemnendum
1047 3205 1167 3270 veteris

152 3291 331 3373 scripturae
363 3291 588 3355 testimonium
617 3292 761 3374 praebet.
805 3313 880 3355 nam
909 3293 1102 3376 ubicumque
1132 3295 1167 3358 in

152 3399 224 3442 eam
256 3401 360 3443 novae
391 3380 546 3444 lectiones
575 3384 721 3463 receptae
755 3384 845 3458 sunt,
882 3403 964 3463 quae
995 3403 1099 3466 neque
1131 3383 1166 3447 in

152 3468 390 3552 exemplaribus
428 3472 525 3531 antea
555 3469 650 3532 editis
683 3468 844 3532 habentur
880 3490 984 3553 neque
1019 3493 1073 3534 eas
1107 3494 1167 3537 sua

152 3557 336 3621 coniectura
358 3558 508 3621 inventas
530 3579 600 3621 esse
620 3557 724 3621 editor
743 3557 920 3641 adnotavit,
943 3558 1003 3623 has
1023 3581 1039 3621 e
1058 3561 1167 3626 codice
