2430 3952
127 199 192 262 162
541 199 728 254 VARRONIS

124 366 163 408 ex
181 344 261 427 ipsis
283 345 398 423 iuiris
419 346 509 409 alvos
526 345 647 409 habeat
665 367 682 404 1
701 365 775 407 nem
790 345 1045 426 congerminarit
1063 367 1139 410 eon-

123 433 279 496 iecturam
315 435 460 516 capiunt,
494 434 521 498 si
554 434 641 497 intus
669 434 794 497 faciunt
817 432 971 497 bombum
996 436 1037 517 et,
1065 456 1138 498 cum

123 521 209 586 intro
234 527 313 584 eunt
336 544 373 586 ac
395 522 492 606 foras,
515 507 736 605 trepidantes
759 523 796 604 si,
820 524 973 604 opercula
992 524 1141 587 alvorum

123 632 195 674 cum
206 611 351 694 remoris,
360 610 509 675 favorum
523 611 684 675 foramina
694 610 834 674 obducta
843 611 992 675 videntur
1002 613 1139 692 [mellis]

73 707 113 765 33
125 700 331 782 membranis,
355 721 428 762 cum
452 699 518 763 sint
541 699 659 783 repleti
682 697 787 764 melle.
823 700 856 762 in
881 700 1050 764 eximendo
1069 702 1139 784 qui·
1168 722 1180 762 5

125 787 199 851 dam
223 787 335 852 dicunt
358 792 507 870 oportere
531 789 578 851 ita
601 791 638 851 ut
660 810 776 852 novem
799 790 908 870 partes
932 789 1055 870 tollere,
1087 788 1140 852 de-

125 897 250 940 cumam
273 877 467 960 relinquere:
493 877 577 960 quod
602 877 629 939 si
653 898 746 940 omne
771 878 901 958 eximas,
924 876 993 940 fore
1015 882 1053 940 ut
1076 877 1140 941 dis·

124 965 249 1031 cedant.
295 966 350 1029 alii
383 965 445 1028 hoc
476 967 548 1048 plus
581 965 756 1048 relincunt,
789 987 886 1048 quam
920 965 994 1030 dixi.
1039 970 1077 1029 ut
1105 967 1140 1029 in

125 1053 225 1117 aratis
254 1055 309 1138 qui
336 1054 460 1117 faciunt
482 1054 644 1117 restibiles
668 1058 804 1136 segetes,
834 1054 908 1136 plus
932 1054 1054 1116 tollunt
1076 1053 1141 1117 fru-

125 1144 225 1205 menti
254 1165 291 1205 ex
319 1142 513 1224 intervallis,
547 1140 592 1204 sic
620 1143 654 1204 in
683 1142 778 1226 alvis,
812 1144 839 1205 si
872 1163 937 1205 non
966 1144 1140 1225 quotannis
1156 1165 1182 1203 10

126 1232 246 1294 eximas
271 1226 414 1294 autnon
438 1252 538 1314 aeque
562 1231 710 1313 multum,
735 1235 767 1293 et
791 1230 895 1314 magis
917 1230 968 1294 his
989 1231 1140 1294 adsiduas

71 1328 113 1385 34
124 1319 246 1382 habeas
275 1341 351 1401 apes
383 1323 415 1381 et
444 1319 549 1404 magis
583 1318 776 1383 fructuosas,
823 1319 1065 1401 eximendorum
1093 1319 1141 1382 fa-

124 1428 237 1470 vorum
257 1408 398 1491 primum
417 1413 534 1490 putant
554 1430 623 1471 esse
641 1413 769 1491 tempus
786 1407 998 1490 vergiliarum
1018 1413 1142 1488 exortu,

125 1497 298 1561 secundum
323 1501 444 1560 aestate
469 1501 550 1580 acta,
575 1500 749 1580 antequam
772 1499 861 1560 totus
886 1497 1050 1560 exoriatur
1073 1518 1141 1560 arc·

123 1590 230 1666 turus,
263 1586 396 1649 tertium
424 1590 499 1668 post
526 1586 735 1669 vergiliarum
764 1607 925 1665 occasum,
960 1590 992 1648 et
1019 1585 1080 1667 ita,
1113 1586 1141 1649 si
1156 1607 1181 1646 15

124 1675 260 1738 fecunda
293 1674 336 1737 sit
369 1675 468 1757 alvos,
502 1678 537 1737 ut
569 1696 609 1737 ne
641 1674 714 1757 plus
747 1674 845 1736 tertia
872 1693 949 1757 pars
981 1674 1141 1737 eximatur

124 1764 240 1843 mellis,
264 1762 424 1847 reliquum
448 1765 486 1825 ut
508 1761 700 1826 hiemationi
724 1762 939 1844 relinquatur3
973 1762 1024 1824 sin
1048 1762 1141 1826 alvus

124 1874 189 1915 non
214 1852 257 1915 sit
280 1851 412 1931 fertiliS,
439 1852 556 1933 nequid
585 1851 751 1914 eximatur.
799 1854 960 1932 exemptio
989 1871 1061 1912 cum
1090 1854 1141 1913 est

125 1941 242 2020 maior,
272 1961 373 2023 neque
402 1940 587 2001 universam
610 1960 713 2021 neque
737 1938 848 2021 palam
870 1937 977 2001 facere
1001 1942 1140 2020 oportet,

124 2051 164 2092 ne
188 2029 338 2092 deficiant
362 2027 513 2090 animum.
559 2025 627 2088 favi
652 2027 706 2109 qui
730 2025 922 2109 eximuntur,
949 2027 1042 2109 siqua
1064 2049 1141 2109 pars
1156 2050 1182 2089 20

126 2116 210 2179 nihil
234 2116 333 2179 habet
357 2119 413 2178 aut
436 2115 534 2177 habet
557 2115 756 2203 incusatum,
778 2116 908 2178 cultello
932 2116 1141 2198 praesicatur.

73 2205 358 2289 35pr0videndum
381 2225 422 2267 ne
445 2203 640 2268 infirmiores
665 2226 684 2266 a
702 2203 935 2268 valentioribus
956 2204 1141 2287 oppiiman-

125 2300 191 2356 tur:
229 2315 266 2357 eo
301 2293 387 2356 enim
422 2293 588 2356 minuitur.
610 2292 743 2356 fructus.
789 2293 898 2374 itaque
925 2292 1141 2357 inbecilliores

127 2388 267 2447 secretas
292 2383 455 2446 subiciunt
479 2381 539 2445 sub
564 2382 702 2445 alterum
725 2401 844 2464 regem.
891 2401 972 2463 quae
996 2381 1142 2445 crebrius

127 2473 213 2536 inte'r
237 2494 269 2534 se
292 2471 500 2555 pugnabunt,
532 2470 664 2553 aspergi
688 2491 741 2532 eas
766 2473 896 2552 oportet
919 2491 1004 2553 aqua
1026 2470 1142 2534 mulsa.
1157 2493 1183 2533 rs

128 2582 190 2643 quo
214 2559 301 2624 facto
326 2580 389 2622 non
413 2559 509 2621 modo
530 2559 623 2638 [non]
644 2558 805 2620 desistunt
823 2578 941 2640 pugna,
968 2557 1141 2622 sedetiam

127 2648 327 2712 conferciunt
360 2669 393 2709 se
427 2647 604 2730 lingentes,
637 2668 674 2709 eo
708 2646 829 2729 magis,
862 2647 889 2709 si
926 2648 1031 2710 mulso
1066 2652 1143 2710 sunt

127 2759 290 2819 aspersae,
327 2757 389 2818 quo
422 2740 555 2817 propter
588 2734 717 2798 odorem
751 2735 876 2798 avidius
910 2735 1075 2817 adplicant
1108 2757 1142 2798 se

217 2915 232 2962 3
260 2907 355 2962 aluum
383 2925 446 2962 cum
473 2908 632 2962 remoreissi
659 2907 788 2962 fauorum
810 2913 876 2960 uota
899 2909 991 2962 meuda'
1014 2905 1143 2976 adpositu

130 2988 144 3034 7
165 2996 275 3032 omnem
296 2981 389 3048 (omne
415 2981 452 3046 V)
489 2980 560 3032 forte
581 2980 649 3046 (fore
675 2979 712 3047 V)
750 2977 1081 3048 8hooeius(hoop1us
1102 2979 1141 3047 V)

128 3058 162 3106 10
182 3050 338 3119 quodannis
421 3057 452 3103 11
474 3050 574 3120 aeque]
594 3065 722 3118 quaeque
802 3056 834 3102 13
855 3051 982 3103 exortum
1050 3049 1142 3102 161-

128 3121 230 3193 ounda]
257 3121 379 3175 secunda
451 3126 483 3174 17
512 3123 545 3174 ut
573 3119 750 3190 hiemationi]
776 3137 810 3174 ex
832 3120 1005 3174 hiemationo
1082 3121 1143 3174 sine

128 3195 208 3248 aluus
230 3209 285 3246 non
307 3191 340 3245 fit
362 3191 462 3245 fertilis
485 3192 539 3245 nisi
565 3191 631 3260 quid
710 3196 743 3244 18
773 3191 903 3259 exempto
928 3189 1079 3260 (exemptio
1103 3192 1142 3258 V)

128 3272 161 3318 22
182 3283 215 3319 ne
234 3264 368 3317 firmiores
388 3264 434 3331 (ne
453 3261 617 3316 infirmiores
643 3263 680 3329 V)
754 3267 787 3315 27
808 3261 959 3330 seligentes

217 3412 233 3459 4
248 3403 339 3459 mellis
352 3406 464 3459 inclusit
479 3405 660 3458 Schneiderus
697 3409 730 3456 13
741 3405 838 3456 exortu
854 3404 1001 3457 Iucundos
1038 3408 1071 3456 16
1086 3403 1144 3457 foe·

129 3478 220 3531 cunda
238 3478 382 3531 Iucundus
437 3481 469 3529 17
490 3476 514 3528 si
533 3491 589 3527 non
608 3476 644 3527 sit
662 3472 776 3538 fertilis,
795 3474 824 3526 ni
844 3474 912 3542 quid
932 3475 1069 3527 eximatur
1092 3474 1142 3527 Ur-

128 3551 207 3602 sinus
261 3554 294 3602 26
314 3565 370 3603 non
388 3548 471 3601 modo
490 3547 629 3600 desistunt
647 3546 704 3599 cod.
726 3545 793 3599 Pur.
866 3551 900 3598 27
920 3562 949 3598 11
968 3544 1108 3613 lingentes
1126 3561 1144 3599 o
