2430 3952
294 111 425 167 RERVM
443 112 683 168 RVSTICARVM
700 113 767 169 LlB.
783 115 809 167 11
828 121 845 168 4
1033 116 1075 179 93

57 258 104 322 110
128 256 272 322 animam
299 257 409 322 datam
434 279 505 322 esse
533 258 670 342 proinde
698 281 736 324 ae
760 260 874 342 salem,
905 281 986 342 quae
1010 282 1076 323 ser·

58 351 156 411 varst
178 367 318 410 earnem.
354 368 372 411 e
396 345 468 430 quis
494 347 653 411 succidias
677 345 766 411 Galli
790 349 930 432 optimas
955 351 987 411 et
1010 370 1077 412 ms-

58 435 167 501 ximas
199 433 305 500 facere
337 438 540 499 consuerunt.
586 436 782 518 optimarum
812 437 957 521 signum,
990 437 1076 520 quod

61 523 165 588 etism
178 544 262 588 nunc
277 524 448 607 quotannis
464 546 481 587 e
496 523 604 587 Gallia
621 524 833 608 adportentur
851 524 989 589 Romam
1006 547 1076 607 per-

31 633 126 677 snas
150 612 344 678 Comacinae
368 615 400 676 et
423 610 566 677 Cauarae
596 617 628 675 et
655 616 835 697 petasones.
881 613 920 677 de
951 614 1127 697 magni-11

60 699 176 765 tudine
199 701 390 784 gallicarum
414 700 629 765 succidiarum
648 700 730 766 Cato
751 703 865 766 scribit
884 702 935 765 his
959 703 1076 785 verbis,

61 787 110 855 ‘in
132 787 231 853 Italia
253 788 410 853 Insubres
433 794 527 853 terna
551 793 647 874 atque
672 794 829 874 quaterna
851 790 941 854 milia
960 791 1076 872 [aulis]

62 877 279 943 succidiarum
304 877 429 960 saliere,
454 899 507 942 sus
527 900 628 961 usque
647 879 727 943 adeo
746 879 974 963 pinguitudine
994 901 1077 943 eres-

62 987 135 1032 cere
159 967 252 1048 solet,
274 971 312 1030 ut
335 987 369 1030 se
387 967 460 1050 ipsa
478 970 567 1031 stans
588 968 748 1031 sustinere
767 989 832 1031 non
851 968 1077 1052 possitneque

25 1075 50 1117 n
61 1055 215 1140 progredi
239 1075 385 1138 usquam.
421 1055 531 1138 itaque
556 1077 610 1120 eas
635 1057 735 1140 siquis
760 1078 822 1140 quo
843 1056 978 1120 traicere
998 1057 1077 1139 volt,

61 1145 97 1209 in
120 1143 305 1227 plaustrum
328 1141 478 1226 inponit?
514 1145 548 1207 in
571 1142 732 1228 Hispania
752 1145 905 1208 utteriore
928 1145 963 1208 in
986 1143 1078 1208 Lusi-

61 1233 154 1298 tania
184 1231 363 1312 [ulteriore]
392 1254 447 1297 sus
471 1253 545 1297 cum
575 1235 828 1316 essetsoccisua
858 1232 979 1297 Atilius
1002 1232 1078 1297 His-

64 1319 243 1404 paniensis,
265 1320 399 1383 minime
423 1320 560 1384 mendax
585 1327 617 1384 et
635 1322 811 1385 multarum
829 1342 935 1386 rerum
954 1323 1077 1405 peritus

62 1411 95 1475 in
115 1409 274 1490 doctrina,
297 1408 425 1473 dicebat
443 1408 478 1474 L.
498 1408 674 1476 Volumnio
694 1410 834 1474 senatori
854 1409 987 1472 missam
1007 1432 1077 1473 esse

28 1496 199 1563 uoffulam
231 1519 304 1562 oum
336 1497 461 1562 duabus
493 1498 608 1581 costis,
646 1520 728 1581 quae
759 1497 914 1582 penderet
945 1500 1012 1561 tres
1046 1503 1078 1561 et

61 1586 183 1672 viginti
211 1586 333 1670 pondo,
365 1586 496 1670 eiusque
527 1586 593 1650 suis
622 1609 641 1650 a
671 1591 743 1650 cute
771 1586 812 1650 ad
840 1608 876 1650 os
903 1586 1018 1670 pedem
1045 1592 1078 1650 et

63 1684 133 1740 tres
153 1673 273 1758 digitos
291 1673 400 1739 fuisse.
429 1673 489 1740 Oui
508 1695 579 1759 ego,
597 1674 672 1740 Non
691 1675 798 1739 minus
818 1696 869 1738 res
890 1674 1078 1739 admiranda
1090 1683 1130 1740 12

63 1785 137 1829 eum
160 1761 206 1826 mi
229 1767 316 1827 esset
338 1763 425 1827 dicta
452 1763 487 1826 in
509 1762 663 1841 Arcadia,
692 1764 759 1828 seio
792 1785 842 1827 me
865 1764 930 1827 isse
954 1767 1078 1846 specta·

62 1856 134 1917 tum
157 1872 262 1935 suem,
289 1873 372 1936 quae
399 1873 477 1934 prae
505 1852 730 1936 pinguitudine
758 1852 864 1917 carnis
894 1874 959 1917 non
983 1853 1078 1916 modo

31 1960 53 2001 n
64 1960 199 2025 surgere
217 1961 284 2004 non
301 1946 422 2023 posset,
446 1939 502 2004 sed
520 1941 619 2005 etiarn
637 1945 675 2005 ut
693 1941 728 2005 in
747 1943 815 2006 eius
835 1962 967 2024 corpore
986 1962 1079 2005 sorex

64 2050 160 2094 exesa
184 2049 279 2093 earne
302 2027 414 2092 nidum
437 2028 567 2093 fecisset
591 2033 624 2093 et
645 2031 826 2113 peperisset
855 2051 971 2093 mures.
1017 2030 1080 2094 hoc

64 2117 164 2183 ctiam
187 2117 222 2180 in
245 2118 266 2197 †
288 2118 399 2180 vineta
421 2117 544 2181 factum
568 2119 687 2201 accepi.

153 2203 216 2269 Sus
240 2205 281 2269 ad
304 2205 443 2269 feturam
467 2227 550 2289 quae
574 2207 617 2269 sit
639 2206 784 2288 fecunda,
815 2206 1078 2270 animadvertunt
1091 2214 1130 2271 13

65 2293 131 2360 fere
164 2316 204 2358 ex
234 2294 341 2377 primo
374 2296 485 2377 partu,
516 2294 601 2378 quod
629 2315 692 2359 non
721 2296 858 2358 multum
886 2295 920 2357 in
948 2293 1080 2377 reliquis

35 2385 179 2450 emutat.
225 2382 260 2445 in
282 2382 463 2465 nutricatu,
491 2403 587 2466 quam
615 2383 874 2467 porculatiouem
903 2382 1081 2465 appellant,

67 2472 152 2537 binis
176 2470 341 2535 mensibus
364 2492 480 2555 porcos
505 2471 615 2535 sinunt
634 2494 706 2536 eum
725 2472 899 2554 matribus3
932 2470 1081 2553 secund0,

68 2561 132 2642 [ea]
167 2581 241 2624 eum
274 2560 339 2624 iam
366 2561 457 2644 pasci
484 2563 635 2643 possunt,
669 2565 847 2626 secernunt
893 2559 996 2642 porci,
1026 2559 1081 2643 qui

155 2740 173 2788 4
192 2733 345 2788 etiamnum
364 2733 439 2800 quod
458 2735 539 2787 annis
630 2739 646 2789 5
673 2734 831 2789 comatinae
922 2733 1082 2803 petasiones

68 2809 82 2857 1
106 2803 253 2875 Insubres]
280 2803 311 2858 in
339 2804 450 2859 scrobes
527 2810 544 2859 8
573 2804 698 2859 succidis
724 2821 790 2860 uere
816 2822 863 2858 sus
943 2810 976 2859 10
1004 2802 1083 2858 uolet

69 2880 98 2929 11
117 2874 260 2945 plastrum
325 2880 358 2928 14
376 2874 521 2929 ualumnio
542 2876 696 2944 (uolumnio
722 2876 763 2945 V)
827 2874 1080 2946 11000110]οο0110

69 2945 189 3018 181000]
209 2962 270 3000 0000
342 2951 375 3000 25
395 2945 580 3016 appellabant

156 3111 174 3159 4
200 3103 287 3161 etiam
310 3122 422 3160 nuncu
496 3111 511 3160 ὅ
531 3106 692 3160 comacinas
717 3105 861 3161 Turnebus
883 3108 987 3161 advers.
1011 3110 1041 3173 4,
1065 3111 1083 3160 6

102 3178 219 3232 tasones
238 3175 418 3232 Sebinidcrus
468 3184 483 3231 1
502 3177 531 3231 in
550 3175 635 3231 Italis
653 3179 782 3231 Insubres
804 3177 961 3232 Turnebus:
979 3176 1009 3229 in
1027 3177 1082 3230 Its·

80 3249 87 3260 '
155 3248 287 3302 Insubres
300 3249 381 3302 terna
401 3249 485 3316 atque
499 3249 636 3317 quaterna
649 3246 730 3302 milia
743 3247 931 3302 succidias-nm
945 3247 1083 3302 advehere

66 3321 214 3376 Iordunus
228 3317 324 3374 Oeten.
342 3319 441 3389 freyn.
459 3336 486 3387 p.
501 3325 535 3373 11
580 3326 613 3374 10
631 3320 694 3373 uult
718 3320 855 3374 Victorius
899 3325 931 3372 12
950 3318 1083 3372 ulteriore

65 3391 166 3447 delevit
185 3391 333 3444 Incursdus
415 3395 448 3445 16
467 3389 587 3446 costisv
669 3397 701 3445 18
720 3390 775 3444 isse
799 3389 915 3444 Ursinus
1001 3393 1035 3442 22
1054 3389 1084 3443 in

66 3461 191 3517 Venetia
212 3459 352 3517 Victorius
369 3466 395 3517 et
413 3461 536 3531 Scatiper
607 3467 641 3516 25
662 3461 808 3530 appellant
830 3461 949 3516 Ursinus
