2430 3952
483 197 689 253 PRAEFATIO
1040 191 1086 254 'IX

74 343 177 409 secuti
196 347 281 407 sunt.
313 366 351 407 ex
371 343 432 407 hac
452 344 534 407 enim
555 366 582 408 a.
598 343 685 409 1595
705 344 803 408 editio
820 343 1086 428 Oommeliniana,

74 433 163 497 cuius
188 454 266 496 cura
289 432 487 496 Friderico
514 431 723 517 Sylburgio
748 434 902 497 mandata
926 440 1004 518 erat,
1035 459 1087 499 ex-

72 543 186 605 pressa
210 525 268 585 est.
312 519 600 586 Commelinianam
625 522 796 585 editionem
821 521 1014 587 Gesnerus
1039 547 1086 588 re·

73 610 198 694 petivit,
218 631 290 673 oum
310 633 337 675 a.
355 611 441 674 1735
461 613 609 693 suscepto
625 632 729 693 opere,
750 611 834 694 quod
850 612 927 675 olim
943 611 1088 676 Schoett·

73 719 176 783 genus
191 699 386 781 instituerat,
401 700 575 782 scriptores
588 700 633 762 rei
644 701 783 763 rusticae
794 721 865 763 oum
878 701 1087 766 adnotatione

73 793 107 851 et
122 791 280 870 apparatu
300 789 412 851 critico
433 789 549 851 ederet.
583 810 658 850 nam
674 810 755 871 quae
771 788 810 851 ad
827 790 1087 854 emendationem

73 877 144 960 ipse
164 876 309 960 contulit,
329 899 367 939 ea
386 877 496 940 omnia
515 877 581 939 fere
602 878 634 939 in
651 876 917 941 adnotationibus
934 880 1087 943 subiectis

72 966 257 1047 proposuit,
285 967 385 1030 verba
412 965 483 1047 ipsa
512 967 623 1048 paucis
648 967 727 1028 locis
752 967 898 1029 mutavit.
946 966 986 1030 ad
1011 966 1087 1032 Ges-

72 1055 143 1117 neri
174 1053 348 1118 editionem
378 1052 635 1118 Schneiderus
665 1077 699 1118 se
732 1056 1000 1141 accommodavit,
1032 1057 1087 1140 qui

73 1164 100 1205 0.
128 1143 214 1207 1794
242 1143 301 1207 11οο
327 1143 501 1225 scriptores
526 1165 596 1206 cum
621 1144 852 1207 commentario
876 1144 990 1226 edidit,
1018 1167 1088 1209 eru-

74 1231 196 1296 ditione
221 1237 253 1296 et
277 1231 411 1296 scientia
435 1253 542 1294 rerum
565 1232 686 1315 optime
706 1233 746 1295 ad
766 1254 836 1296 earn
856 1255 924 1296 rem
944 1238 1088 1317 paratus,

74 1321 128 1384 sed
153 1344 253 1404 prava
281 1321 399 1386 fiducia
427 1324 570 1384 veterum
601 1321 779 1384 editionum
809 1325 884 1385 ante
907 1322 1088 1387 Victorium

74 1410 304 1492 impressorum
328 1432 422 1492 saepe
446 1409 480 1471 in
504 1431 645 1472 errorem
668 1410 828 1474 inductus.

164 1500 212 1563 Ex
245 1500 285 1563 iis
319 1500 373 1582 qui
401 1503 528 1580 praeter
557 1498 697 1561 editores
726 1500 944 1562 emendationi
971 1500 1087 1563 horum

74 1588 231 1652 librorum
260 1610 391 1671 operam
419 1587 575 1649 dederunt
603 1584 744 1668 primum
771 1587 969 1650 Adrianus
1000 1588 1087 1668 Tur·

73 1677 195 1741 nebus
233 1683 307 1740 ante
340 1675 478 1739 Victorii
517 1675 691 1738 editionem
723 1677 896 1740 nonnullos
930 1676 1087 1741 Varronis

72 1766 162 1830 locos
186 1765 220 1829 in
246 1763 439 1828 adversariis
463 1765 615 1828 tractavit
638 1767 671 1827 et
694 1765 851 1846 quaedam
875 1766 1089 1847 probabiliter

74 1855 266 1918 emendavit.
303 1853 416 1916 deinde
440 1851 628 1936 Iosephus
654 1852 849 1937 Scaliger,
878 1854 968 1918 cuius
993 1861 1087 1919 notae

72 1945 106 2006 in
131 1942 288 2007 Varronis
317 1942 355 2005 de
383 1964 417 2004 re
445 1943 566 2005 rustica
589 1943 689 2004 libros
713 1942 747 2004 in
772 1942 912 2007 editione
937 1944 1086 2007 Parisina

73 2055 100 2095 0.
123 2032 207 2096 1569
232 2032 373 2113 primum
398 2030 502 2093 editae
523 2035 607 2112 sunt,
630 2031 823 2094 lectionibus
844 2055 862 2095 a
882 2031 1029 2096 Victorio
1049 2056 1088 2096 ex

72 2120 239 2184 Marciano
261 2121 367 2184 codice
388 2120 525 2203 prolatis
540 2142 617 2182 usus
632 2120 666 2182 in
682 2121 841 2202 corruptis
857 2123 964 2184 verbis
980 2143 1087 2184 emen-

72 2209 189 2271 dandis
208 2209 382 2290 plurimum
402 2230 518 2291 operae
539 2213 571 2271 01
590 2208 687 2271 studii
707 2209 888 2290 collocavit,
912 2211 968 2272 sed
987 2212 1087 2275 nimio

73 2297 215 2380 quodam
248 2298 346 2381 prisci
377 2298 536 2359 sermonis
570 2297 675 2360 studio
710 2302 823 2379 captus
851 2303 884 2361 et
913 2300 1086 2362 artificioso

72 2385 198 2449 dicendi
230 2407 347 2470 genere
380 2386 557 2448 delectatus
590 2407 692 2467 pauca
725 2406 806 2467 quae
844 2387 975 2468 probari
1008 2410 1086 2451 sano

71 2474 191 2538 iudicio
223 2479 358 2558 possent
389 2475 535 2556 protulit.
589 2473 719 2536 Fulvii
752 2472 888 2537 Ursini
921 2481 1017 2538 notae
1048 2475 1087 2538 ad

70 2562 252 2627 Varronem
276 2563 399 2628 Romae
428 2586 455 2626 a.
481 2563 565 2627 1587
591 2561 694 2627 editae
726 2567 811 2626 sunt.
857 2563 884 2625 is
909 2585 981 2626 cum
1006 2562 1087 2626 Var-

70 2653 161 2715 ronis
177 2674 359 2716 sermonem
374 2653 491 2736 glossis
507 2656 540 2714 et
559 2651 864 2736 interpolationibus
880 2652 1087 2716 vehementer

72 2743 261 2822 corruptum
280 2761 356 2804 'esse
380 2741 443 2804 sibi
473 2741 703 2823 persuasisset,
732 2741 762 2803 id
790 2741 928 2804 maxime
953 2742 1028 2824 egit,
1052 2745 1088 2805 ut

70 2828 123 2891 his
152 2829 396 2911 additamentis,
432 2851 512 2911 quae
542 2829 670 2911 quidem
703 2829 876 2914 indagasse
906 2830 968 2893 sibi
999 2831 1087 2893 visus

71 2920 151 2999 erat,
166 2919 302 2981 remotis
318 2918 494 3000 genuinum
510 2919 679 3001 scriptoris
697 2940 877 2982 sermonem
893 2920 1087 2983 restitueret.

71 3026 135 3088 qua
165 3006 199 3068 in
228 3029 262 3069 re
291 3029 486 3090 quamquam
515 3007 729 3071 immoderata
757 3007 889 3070 licentia
917 3031 994 3071 usus
1018 3030 1087 3090 per-

69 3095 184 3177 multa,
208 3094 247 3157 de
273 3097 391 3178 quibus
410 3096 501 3159 nulla
520 3096 680 3159 dubitatio
701 3117 770 3159 esse
790 3096 935 3178 debebat,
959 3097 1088 3178 delevit,

69 3185 182 3246 tamen
205 3183 285 3246 illud
305 3188 392 3248 recte
411 3183 584 3260 intellexit,
608 3185 729 3248 iustum
749 3186 920 3247 verborum
941 3185 1087 3248 ordinem

70 3272 200 3354 saepius
229 3273 434 3355 interpositis
466 3274 601 3356 singulis
630 3274 750 3353 verbis,
779 3295 860 3356 quae
890 3295 908 3335 a
939 3272 1087 3336 Varrone

70 3360 170 3424 scribi
189 3382 254 3424 non
275 3365 437 3444 poterant,
458 3362 512 3425 sed
532 3383 639 3425 errore
654 3362 863 3425 librariorum
879 3362 989 3425 addita
1005 3367 1087 3443 sunt,

69 3449 104 3511 in
131 3471 230 3512 manu
259 3451 388 3532 scriptis
420 3450 513 3514 libris
537 3452 761 3531 perturbatum
786 3473 864 3515 esse.
911 3452 1030 3535 longae
1055 3457 1087 3515 et

69 3536 213 3620 diffusae,
233 3540 288 3602 sed
303 3561 417 3622 parum
432 3539 617 3603 fructuosae
638 3542 714 3603 sunt
734 3539 969 3623 disputationes
990 3539 1086 3603 Iulii
