2430 3952
267 209 398 265 RERVM
417 210 653 266 RVSTIOARVM
672 211 741 266 LIB.
755 211 768 263 Ι
783 216 887 266 28-31
1038 210 1079 273 47

67 361 217 439 tempore
244 355 315 419 fieri
344 356 524 440 oportuerit
551 361 584 420 et
611 377 679 421 non
706 361 782 419 sunt
805 355 965 439 absoluta,
995 360 1083 420 ante·

68 466 166 529 quam
187 464 331 528 gemmas
351 448 453 529 agant
468 466 505 508 ae
518 444 687 508 florescere
701 444 869 527 incipiant,
886 445 966 522 fieri,
986 446 1081 529 quod,

68 535 97 598 si
122 554 203 616 quae
226 533 307 596 folia
327 536 477 596 amittere
496 533 603 596 solent
621 536 697 596 ante
716 532 865 597 frondere
883 534 1081 617 inceperunt,

67 622 182 687 statim
206 620 247 684 ad
271 620 440 684 serendum
463 620 579 684 idonea
601 643 668 686 non
691 625 776 686 sunt.
815 621 921 687 oleam
945 622 1009 685 seri
1032 623 1080 685 in·

50 710 291 793 ·terputarique
315 713 453 793 oportet.

157 798 268 862 Tertio
292 797 466 862 intervallo
490 798 576 861 inter
598 797 805 881 vergiliarum
829 802 976 862 exortum
1001 804 1132 866 etXXXI

68 885 246 951 solstitium
272 885 353 950 haee
380 886 450 950 fieri
479 885 604 950 debent.
654 887 765 950 vineas
799 886 943 951 novellas
971 887 1081 951 fodere

67 981 125 1039 aut
148 997 240 1039 arare
264 977 298 1038 et
319 978 434 1059 postea
458 996 579 1058 occare,
604 973 638 1037 id
663 980 713 1038 est
736 975 950 1058 conminuere,
973 997 1013 1063 ne
1037 977 1080 1039 sit

68 1064 193 1147 glaeba.
231 1062 316 1147 quod
338 1063 386 1126 ita
406 1063 565 1143 occidunt,
590 1084 702 1127 occare
722 1062 852 1128 dictum.
889 1064 971 1127 vites
991 1087 1079 1147 pam·

50 1151 189 1234 rpiuari,
217 1151 273 1223 sed
301 1172 322 1214 a
349 1152 470 1216 sciente
499 1149 591 1234 (nam
619 1152 652 1214 id
682 1173 778 1234 quam
805 1157 921 1235 putare
951 1149 1081 1238 maius),

68 1261 171 1324 neque
198 1241 232 1304 in
256 1239 405 1323 arbusto,
428 1240 483 1303 sed
511 1240 545 1303 in
573 1241 669 1304 vinea.
693 1241 771 1306 fieri.
817 1241 1007 1323 pampinare
1032 1246 1109 1305 est2

69 1351 86 1392 e
110 1333 273 1393 sarmento
297 1328 385 1392 coles
408 1329 464 1411 qui
487 1330 556 1392 nati
580 1332 669 1411 sunt,
699 1329 738 1391 de
761 1329 801 1392 iis
826 1333 881 1411 qui
905 1330 1080 1411 plurimum

67 1417 193 1496 valent,
227 1416 367 1500 primum
397 1438 434 1480 ac
461 1416 653 1498 secundum,
684 1437 751 1480 non
779 1439 953 1501 numquam
982 1420 1080 1482 etiam

67 1505 212 1587 tertium,
235 1503 424 1588 relinquere,
447 1506 588 1588 reliquos
613 1504 798 1588 decerpere,
821 1527 861 1568 ne
884 1506 1005 1570 relictis
1029 1529 1081 1571 eo-

51 1593 155 1656 libus
182 1595 379 1656 sarmentum
406 1600 547 1677 nequeat
575 1592 761 1657 ministrare
785 1615 906 1657 sucum.
951 1594 1023 1658 ideo
1048 1596 1082 1658 in

67 1681 200 1746 vitiario
224 1681 375 1764 primitus
399 1704 472 1747 eum
496 1682 563 1745 exit
583 1681 667 1758 vitis,
691 1685 762 1745 tota
780 1682 911 1762 resicari
930 1682 1022 1765 solet,
1045 1687 1081 1747 ut

67 1771 210 1834 firmiore
239 1773 404 1834 sarmento
434 1792 451 1833 e
478 1776 565 1834 terra
598 1776 690 1834 exeat
722 1774 818 1853 atque
850 1771 884 1834 in
916 1771 1080 1854 pariendis

68 1859 194 1923 colibus
222 1859 307 1923 vires
334 1858 455 1924 habeat
483 1857 630 1923 maiores.
682 1859 864 1923 eiuncidum
896 1860 982 1923 enim
1015 1867 1110 1924 sar-3

69 1951 213 2010 mentum
236 1949 371 2031 propter
393 1946 618 2011 infirmitatem
642 1947 753 2011 sterile
776 1969 879 2030 neque
902 1970 941 2011 ex
965 1971 999 2012 sa
1025 1970 1080 2032 po-

51 2038 136 2099 rtast
163 2036 264 2100 eicere
292 2036 408 2118 vitem,
441 2058 537 2119 quam
570 2042 687 2100 vocant
719 2037 877 2101 minorem
907 2038 1081 2121 flagellum,

69 2124 225 2188 maiorem
250 2124 371 2187 etiam
396 2125 480 2187 unde
503 2146 584 2188 uvae
608 2128 786 2188 nascuntur
809 2126 960 2208 palmam.
992 2128 1081 2209 prior

70 2213 180 2276 littera
192 2228 272 2276 'una
299 2217 427 2276 mutata
455 2212 617 2276 declinata
645 2234 665 2275 a
692 2214 782 2277 venti
809 2213 902 2296 flatu,
931 2215 1081 2278 similiter

71 2321 108 2364 ae
137 2299 301 2365 flabellum
328 2300 502 2385 flagellum.
551 2301 726 2384 posterior,
754 2302 839 2384 quod
869 2323 907 2365 ea
929 2304 1006 2365 vitis
1030 2303 1079 2365 in-

70 2389 211 2452 mittitur
242 2388 283 2452 ad
315 2410 396 2452 uvas
428 2390 618 2472 pariendas,
654 2390 739 2453 dicta
771 2391 875 2471 primo
905 2390 1033 2455 videtur
1061 2413 1080 2454 a

51 2478 224 2560 pariendo
248 2477 417 2561 parilema:
441 2478 515 2540 exin
537 2479 671 2542 mutatis
695 2478 823 2561 litteris,
847 2479 940 2541 utin
959 2479 1111 2562 multia,4

70 2565 133 2630 dici
157 2569 272 2649 coepta
295 2566 415 2648 palma.
461 2588 499 2630 ex
528 2567 630 2631 altera
660 2571 753 2649 parte
776 2566 863 2651 parit
886 2568 1079 2649 capreolum.

68 2655 96 2717 is
120 2657 172 2719 est
195 2654 350 2719 coliculus
374 2655 479 2717 viteus
502 2655 654 2733 intortus,
678 2659 714 2719 ut
736 2655 913 2720 cincinnus.
947 2655 981 2718 hi
1004 2661 1080 2719 sunt

68 2743 154 2806 enim
183 2742 260 2807 vitis
288 2741 405 2825 quibus
431 2746 541 2806 teneat
567 2743 599 2806 id
624 2765 687 2827 quo
712 2744 812 2826 serpit
835 2743 876 2807 ad
899 2744 1005 2808 locum
1029 2767 1078 2808 ea-

67 2832 233 2913 piendum,
256 2855 276 2894 o
298 2852 361 2914 quo
385 2831 542 2912 capiendo
566 2833 733 2914 capreolus
757 2832 871 2896 dietus.
910 2854 1005 2896 omne
1025 2856 1079 2915 pa·

52 2920 193 3002 ›bulum,
216 2920 355 3001 primum
380 2919 509 2983 ocinum
532 2920 731 3004 farraginem
754 2921 880 3004 viciam,
904 2922 1080 2985 novissime
1108 2915 1111 2921 ⁴

157 3057 263 3111 3folia
281 3059 394 3110 mittere
484 3055 645 3125 inciperunt
734 3061 799 3112 8et
817 3060 916 3126 postea
935 3075 1032 3113 occare
1051 3059 1080 3113 et

66 3130 167 3197 postea
185 3128 373 3182 comminuere
447 3133 479 3180 13
499 3126 597 3181 ualent
615 3130 786 3183 asecundum
805 3131 912 3197 (ualent
931 3131 968 3185 ad
984 3148 1080 3184 secun·
1102 3189 1104 3193 ¹

67 3200 134 3252 dum
159 3198 197 3267 V)
241 3204 275 3252 23
294 3198 382 3267 quod]
402 3216 457 3266 quo
504 3205 538 3253 27
559 3198 589 3251 hi
607 3202 673 3253 sunt
691 3200 777 3269 enim]
797 3199 821 3253 is
841 3202 916 3254 enim
957 3207 991 3255 28
1011 3201 1079 3271 quo]

67 3286 124 3338 qua
197 3275 231 3323 29
251 3285 269 3322 a
287 3286 337 3324 om.
410 3275 445 3324 30
463 3270 585 3339 primum
600 3271 720 3324 ocimum

104 3392 108 3402 ’
157 3410 262 3465 3lolia
279 3411 410 3466 amittere
434 3411 573 3467 Victorius
653 3414 726 3466 Bet
748 3414 847 3481 postea
872 3429 970 3466 occare
988 3411 1018 3464 id
1038 3414 1081 3466 est

67 3482 246 3537 conminuere
265 3483 377 3537 Nortiae
393 3501 420 3552 p.
436 3487 473 3537 61
552 3488 584 3535 13
603 3482 725 3552 primum
744 3500 777 3537 ae
797 3484 950 3536 secundum
968 3482 1081 3538 Nonius

64 3572 91 3622 p.
107 3557 147 3609 93
217 3559 251 3607 23
271 3554 345 3621 quod
365 3570 398 3608 aa
416 3553 483 3608 vitis
503 3553 693 3608 summittitur
709 3553 843 3608 caneres
