<?xml version="1.0" encoding="UTF-8"?>
<!DOCTYPE html PUBLIC "-//W3C//DTD XHTML 1.0 Transitional//EN"
    "http://www.w3.org/TR/xhtml1/DTD/xhtml1-transitional.dtd">
<html xmlns="http://www.w3.org/1999/xhtml" xml:lang="en" lang="en">
 <head>
  <title>
</title>
<meta http-equiv="Content-Type" content="text/html;charset=utf-8" />
  <meta name='ocr-system' content='tesseract 3.04.00' />
  <meta name='ocr-capabilities' content='ocr_page ocr_carea ocr_par ocr_line ocrx_word'/>
</head>
<body>
  <div class='ocr_page' id='page_1' title='image "./mterentivarroni01keilgoog/mterentivarroni01keilgoog_0158.png"; bbox 0 0 2430 3952; ppageno 0'>
   <div class='ocr_carea' id='block_1_1' title="bbox 272 211 1083 281">
    <p class='ocr_par' dir='ltr' id='par_1_1' title="bbox 272 211 1083 281">
     <span class='ocr_line' id='line_1_1' title="bbox 272 211 1083 281; baseline 0.021 -16"><span class='ocrx_word' id='word_1_1' title='bbox 272 211 402 268; x_wconf 73' lang='lat' dir='ltr'>aravit</span> <span class='ocrx_word' id='word_1_2' title='bbox 420 212 658 269; x_wconf 83' lang='lat' dir='ltr'>RVSTICARVM</span> <span class='ocrx_word' id='word_1_3' title='bbox 676 213 744 267; x_wconf 90' lang='lat' dir='ltr'>LlB.</span> <span class='ocrx_word' id='word_1_4' title='bbox 758 213 798 267; x_wconf 87' lang='lat'>111</span> <span class='ocrx_word' id='word_1_5' title='bbox 812 218 882 270; x_wconf 79' lang='grc'>5-7</span> <span class='ocrx_word' id='word_1_6' title='bbox 1019 215 1083 281; x_wconf 82' lang='grc'>137</span> 
     </span>
    </p>
   </div>
   <div class='ocr_carea' id='block_1_2' title="bbox 63 358 1082 621">
    <p class='ocr_par' dir='ltr' id='par_1_2' title="bbox 63 358 1082 621">
     <span class='ocr_line' id='line_1_2' title="bbox 66 358 1082 460; baseline 0.002 -37"><span class='ocrx_word' id='word_1_7' title='bbox 66 379 202 423; x_wconf 88' lang='lat' dir='ltr'>excusos</span> <span class='ocrx_word' id='word_1_8' title='bbox 230 359 338 442; x_wconf 89' lang='lat' dir='ltr'>pullos</span> <span class='ocrx_word' id='word_1_9' title='bbox 366 358 466 422; x_wconf 88' lang='lat' dir='ltr'>refert</span> <span class='ocrx_word' id='word_1_10' title='bbox 489 358 523 421; x_wconf 93' lang='lat' dir='ltr'>in</span> <span class='ocrx_word' id='word_1_11' title='bbox 546 358 740 423; x_wconf 74' lang='lat' dir='ltr'>testudinem</span> <span class='ocrx_word' id='word_1_12' title='bbox 766 380 852 460; x_wconf 76' lang='lat' dir='ltr'>eam,</span> <span class='ocrx_word' id='word_1_13' title='bbox 882 360 917 423; x_wconf 89' lang='lat' dir='ltr'>in</span> <span class='ocrx_word' id='word_1_14' title='bbox 941 381 1005 443; x_wconf 89' lang='lat' dir='ltr'>qna</span> <span class='ocrx_word' id='word_1_15' title='bbox 1027 382 1082 443; x_wconf 88' lang='lat' dir='ltr'>pa-</span> 
     </span>
     <span class='ocr_line' id='line_1_3' title="bbox 63 446 1082 621; baseline 0.002 -22"><span class='ocrx_word' id='word_1_16' title='bbox 63 446 314 599; x_wconf 61' lang='lat' dir='ltr'>stitit</span> <span class='ocrx_word' id='word_1_17' title='bbox 335 446 1082 621; x_wconf 47' lang='lat' dir='ltr'>distulistiPlrrttlfitllttldlt</span> 
     </span>
    </p>
   </div>
   <div class='ocr_carea' id='block_1_3' title="bbox 18 624 1134 3006">
    <p class='ocr_par' dir='ltr' id='par_1_3' title="bbox 18 624 1134 3006">
     <span class='ocr_line' id='line_1_4' title="bbox 65 624 1081 709; baseline 0.002 -21"><span class='ocrx_word' id='word_1_18' title='bbox 65 644 130 708; x_wconf 91' lang='lat' dir='ltr'>quo</span> <span class='ocrx_word' id='word_1_19' title='bbox 154 644 257 707; x_wconf 90' lang='lat' dir='ltr'>neque</span> <span class='ocrx_word' id='word_1_20' title='bbox 282 644 413 706; x_wconf 89' lang='lat' dir='ltr'>serpens</span> <span class='ocrx_word' id='word_1_21' title='bbox 435 645 539 707; x_wconf 88' lang='lat' dir='ltr'>neque</span> <span class='ocrx_word' id='word_1_22' title='bbox 563 624 669 688; x_wconf 91' lang='lat' dir='ltr'>bestia</span> <span class='ocrx_word' id='word_1_23' title='bbox 692 624 841 689; x_wconf 79' lang='lat' dir='ltr'>accedere</span> <span class='ocrx_word' id='word_1_24' title='bbox 864 624 932 690; x_wconf 91' lang='lat' dir='ltr'>ulla</span> <span class='ocrx_word' id='word_1_25' title='bbox 963 627 1081 709; x_wconf 81' lang='lat' dir='ltr'>possit3</span> 
     </span>
     <span class='ocr_line' id='line_1_5' title="bbox 34 711 1111 797; baseline 0.004 -22"><span class='ocrx_word' id='word_1_26' title='bbox 34 716 235 795; x_wconf 74' lang='lat' dir='ltr'>epraeterea</span> <span class='ocrx_word' id='word_1_27' title='bbox 262 711 383 776; x_wconf 91' lang='lat' dir='ltr'>habere</span> <span class='ocrx_word' id='word_1_28' title='bbox 410 712 518 776; x_wconf 91' lang='lat' dir='ltr'>locum</span> <span class='ocrx_word' id='word_1_29' title='bbox 546 716 622 776; x_wconf 90' lang='lat' dir='ltr'>ante</span> <span class='ocrx_word' id='word_1_30' title='bbox 646 734 694 795; x_wconf 89' lang='lat' dir='ltr'>se,</span> <span class='ocrx_word' id='word_1_31' title='bbox 722 733 784 797; x_wconf 92' lang='lat' dir='ltr'>quo</span> <span class='ocrx_word' id='word_1_32' title='bbox 813 716 942 797; x_wconf 91' lang='lat' dir='ltr'>pastum</span> <span class='ocrx_word' id='word_1_33' title='bbox 967 719 1111 785; x_wconf 80' lang='lat' dir='ltr'>exeant5</span> 
     </span>
     <span class='ocr_line' id='line_1_6' title="bbox 64 800 1082 884; baseline 0.001 -19"><span class='ocrx_word' id='word_1_34' title='bbox 64 800 180 866; x_wconf 85' lang='lat' dir='ltr'>diebus</span> <span class='ocrx_word' id='word_1_35' title='bbox 211 800 339 884; x_wconf 84' lang='lat' dir='ltr'><strong>apricis.</strong></span> <span class='ocrx_word' id='word_1_36' title='bbox 384 804 557 883; x_wconf 89' lang='lat' dir='ltr'>utrumque</span> <span class='ocrx_word' id='word_1_37' title='bbox 585 802 691 865; x_wconf 91' lang='lat' dir='ltr'>locum</span> <span class='ocrx_word' id='word_1_38' title='bbox 719 823 836 884; x_wconf 89' lang='lat' dir='ltr'>purum</span> <span class='ocrx_word' id='word_1_39' title='bbox 865 823 935 866; x_wconf 90' lang='lat' dir='ltr'>esse</span> <span class='ocrx_word' id='word_1_40' title='bbox 964 803 1082 868; x_wconf 76' lang='lat' dir='ltr'>volunt</span> 
     </span>
     <span class='ocr_line' id='line_1_7' title="bbox 63 888 1081 972; baseline 0.002 -18"><span class='ocrx_word' id='word_1_41' title='bbox 63 889 126 954; x_wconf 88' lang='lat' dir='ltr'>hae</span> <span class='ocrx_word' id='word_1_42' title='bbox 164 890 320 954; x_wconf 88' lang='lat' dir='ltr'>volucres.</span> <span class='ocrx_word' id='word_1_43' title='bbox 374 888 484 971; x_wconf 88' lang='lat' dir='ltr'>itaque</span> <span class='ocrx_word' id='word_1_44' title='bbox 521 894 685 972; x_wconf 75' lang='lat' dir='ltr'>pastorem</span> <span class='ocrx_word' id='word_1_45' title='bbox 718 911 828 954; x_wconf 88' lang='lat' dir='ltr'>earum</span> <span class='ocrx_word' id='word_1_46' title='bbox 862 911 934 954; x_wconf 91' lang='lat' dir='ltr'>cum</span> <span class='ocrx_word' id='word_1_47' title='bbox 967 891 1081 956; x_wconf 82' lang='lat' dir='ltr'>vatillo</span> 
     </span>
     <span class='ocr_line' id='line_1_8' title="bbox 64 978 1081 1061; baseline 0.001 -18"><span class='ocrx_word' id='word_1_48' title='bbox 64 978 233 1043; x_wconf 89' lang='lat' dir='ltr'>circumire</span> <span class='ocrx_word' id='word_1_49' title='bbox 272 980 402 1061; x_wconf 87' lang='lat' dir='ltr'>oportet</span> <span class='ocrx_word' id='word_1_50' title='bbox 436 999 473 1041; x_wconf 88' lang='lat' dir='ltr'>ac</span> <span class='ocrx_word' id='word_1_51' title='bbox 507 982 631 1042; x_wconf 87' lang='lat' dir='ltr'>stercus</span> <span class='ocrx_word' id='word_1_52' title='bbox 664 978 780 1042; x_wconf 88' lang='lat' dir='ltr'>tollere</span> <span class='ocrx_word' id='word_1_53' title='bbox 814 1000 851 1042; x_wconf 86' lang='lat' dir='ltr'>ao</span> <span class='ocrx_word' id='word_1_54' title='bbox 883 1000 1081 1059; x_wconf 87' lang='lat' dir='ltr'>conservare,</span> 
     </span>
     <span class='ocr_line' id='line_1_9' title="bbox 65 1065 1081 1151; baseline 0.002 -21"><span class='ocrx_word' id='word_1_55' title='bbox 65 1065 153 1151; x_wconf 91' lang='lat' dir='ltr'>quod</span> <span class='ocrx_word' id='word_1_56' title='bbox 177 1068 210 1129; x_wconf 93' lang='lat' dir='ltr'>et</span> <span class='ocrx_word' id='word_1_57' title='bbox 232 1065 273 1129; x_wconf 93' lang='lat' dir='ltr'>ad</span> <span class='ocrx_word' id='word_1_58' title='bbox 297 1066 368 1150; x_wconf 86' lang='lat' dir='ltr'>agri</span> <span class='ocrx_word' id='word_1_59' title='bbox 391 1065 551 1130; x_wconf 88' lang='lat' dir='ltr'>culturam</span> <span class='ocrx_word' id='word_1_60' title='bbox 574 1066 726 1133; x_wconf 89' lang='lat' dir='ltr'>idoneum</span> <span class='ocrx_word' id='word_1_61' title='bbox 750 1070 799 1130; x_wconf 90' lang='lat' dir='ltr'>est</span> <span class='ocrx_word' id='word_1_62' title='bbox 822 1071 855 1131; x_wconf 94' lang='lat' dir='ltr'>et</span> <span class='ocrx_word' id='word_1_63' title='bbox 878 1068 918 1131; x_wconf 90' lang='lat' dir='ltr'>ad</span> <span class='ocrx_word' id='word_1_64' title='bbox 938 1068 1081 1132; x_wconf 88' lang='lat' dir='ltr'>substra-</span> 
     </span>
     <span class='ocr_line' id='line_1_10' title="bbox 19 1154 1112 1242; baseline 0.004 -26"><span class='ocrx_word' id='word_1_65' title='bbox 19 1176 51 1223; x_wconf 87' lang='lat'>1⁰</span> <span class='ocrx_word' id='word_1_66' title='bbox 64 1176 143 1219; x_wconf 91' lang='lat' dir='ltr'>men</span> <span class='ocrx_word' id='word_1_67' title='bbox 174 1154 345 1237; x_wconf 84' lang='lat' dir='ltr'>pullorum.</span> <span class='ocrx_word' id='word_1_68' title='bbox 395 1154 519 1237; x_wconf 89' lang='lat' dir='ltr'>primus</span> <span class='ocrx_word' id='word_1_69' title='bbox 552 1155 612 1218; x_wconf 89' lang='lat' dir='ltr'>hos</span> <span class='ocrx_word' id='word_1_70' title='bbox 646 1154 681 1230; x_wconf 77' lang='lat' dir='ltr'>Q.</span> <span class='ocrx_word' id='word_1_71' title='bbox 710 1155 905 1219; x_wconf 85' lang='lat' dir='ltr'>Hortensius</span> <span class='ocrx_word' id='word_1_72' title='bbox 934 1157 1112 1242; x_wconf 76' lang='lat' dir='ltr'>auguralia</span> 
     </span>
     <span class='ocr_line' id='line_1_11' title="bbox 65 1242 1082 1326; baseline 0.003 -19"><span class='ocrx_word' id='word_1_73' title='bbox 65 1242 192 1308; x_wconf 78' lang='lat' dir='ltr'>aditiali</span> <span class='ocrx_word' id='word_1_74' title='bbox 211 1264 292 1307; x_wconf 87' lang='lat' dir='ltr'>cena</span> <span class='ocrx_word' id='word_1_75' title='bbox 309 1245 457 1325; x_wconf 79' lang='lat' dir='ltr'>posuisse</span> <span class='ocrx_word' id='word_1_76' title='bbox 477 1243 595 1306; x_wconf 91' lang='lat' dir='ltr'>dieitur</span> <span class='ocrx_word' id='word_1_77' title='bbox 602 1243 725 1326; x_wconf 89' lang='lat' dir='ltr'>,quod</span> <span class='ocrx_word' id='word_1_78' title='bbox 743 1244 853 1326; x_wconf 89' lang='lat' dir='ltr'>potius</span> <span class='ocrx_word' id='word_1_79' title='bbox 871 1244 994 1309; x_wconf 87' lang='lat' dir='ltr'>factum</span> <span class='ocrx_word' id='word_1_80' title='bbox 1012 1249 1082 1310; x_wconf 91' lang='lat' dir='ltr'>tum</span> 
     </span>
     <span class='ocr_line' id='line_1_12' title="bbox 64 1331 1082 1432; baseline 0.004 -38"><span class='ocrx_word' id='word_1_81' title='bbox 64 1331 225 1395; x_wconf 84' lang='lat' dir='ltr'>luxuriosi</span> <span class='ocrx_word' id='word_1_82' title='bbox 249 1352 345 1432; x_wconf 78' lang='lat' dir='ltr'>qnam</span> <span class='ocrx_word' id='word_1_83' title='bbox 369 1331 473 1395; x_wconf 84' lang='lat' dir='ltr'>severi</span> <span class='ocrx_word' id='word_1_84' title='bbox 496 1331 572 1395; x_wconf 91' lang='lat' dir='ltr'>honi</span> <span class='ocrx_word' id='word_1_85' title='bbox 596 1332 658 1395; x_wconf 88' lang='lat' dir='ltr'>viri</span> <span class='ocrx_word' id='word_1_86' title='bbox 678 1331 864 1397; x_wconf 87' lang='lat' dir='ltr'>laudabant.</span> <span class='ocrx_word' id='word_1_87' title='bbox 901 1355 996 1416; x_wconf 90' lang='lat' dir='ltr'>quem</span> <span class='ocrx_word' id='word_1_88' title='bbox 1016 1334 1082 1399; x_wconf 91' lang='lat' dir='ltr'>cito</span> 
     </span>
     <span class='ocr_line' id='line_1_13' title="bbox 64 1419 1081 1503; baseline 0.002 -20"><span class='ocrx_word' id='word_1_89' title='bbox 64 1419 169 1484; x_wconf 90' lang='lat' dir='ltr'>secuti</span> <span class='ocrx_word' id='word_1_90' title='bbox 187 1420 282 1484; x_wconf 89' lang='lat' dir='ltr'>mult&#39;</span> <span class='ocrx_word' id='word_1_91' title='bbox 257 1426 283 1484; x_wconf 94' lang='grc' dir='ltr'>ιι</span> <span class='ocrx_word' id='word_1_92' title='bbox 302 1423 356 1483; x_wconf 91' lang='lat' dir='ltr'>ext</span> <span class='ocrx_word' id='word_1_93' title='bbox 342 1420 487 1484; x_wconf 89' lang='lat' dir='ltr'>ttulerun</span> <span class='ocrx_word' id='word_1_94' title='bbox 473 1423 616 1483; x_wconf 89' lang='lat' dir='ltr'>teorum</span> <span class='ocrx_word' id='word_1_95' title='bbox 635 1421 778 1503; x_wconf 53' lang='lat' dir='ltr'>pretias</span> <span class='ocrx_word' id='word_1_96' title='bbox 769 1425 796 1483; x_wconf 91' lang='lat'>1</span> <span class='ocrx_word' id='word_1_97' title='bbox 798 1443 816 1483; x_wconf 91' lang='lat' dir='ltr'>a</span> <span class='ocrx_word' id='word_1_98' title='bbox 835 1424 872 1484; x_wconf 93' lang='lat' dir='ltr'>ut</span> <span class='ocrx_word' id='word_1_99' title='bbox 891 1443 951 1485; x_wconf 86' lang='lat' dir='ltr'>ova</span> <span class='ocrx_word' id='word_1_100' title='bbox 971 1443 1081 1487; x_wconf 90' lang='lat' dir='ltr'>eorum</span> 
     </span>
     <span class='ocr_line' id='line_1_14' title="bbox 64 1506 1082 1594; baseline 0.001 -22"><span class='ocrx_word' id='word_1_101' title='bbox 64 1507 206 1572; x_wconf 87' lang='lat' dir='ltr'>denariis</span> <span class='ocrx_word' id='word_1_102' title='bbox 230 1511 368 1571; x_wconf 88' lang='lat' dir='ltr'>veneant</span> <span class='ocrx_word' id='word_1_103' title='bbox 391 1508 508 1592; x_wconf 90' lang='lat' dir='ltr'>quinis,</span> <span class='ocrx_word' id='word_1_104' title='bbox 530 1508 593 1591; x_wconf 89' lang='lat' dir='ltr'>ipsi</span> <span class='ocrx_word' id='word_1_105' title='bbox 616 1506 712 1572; x_wconf 89' lang='lat' dir='ltr'>facile</span> <span class='ocrx_word' id='word_1_106' title='bbox 736 1509 980 1592; x_wconf 83' lang='lat' dir='ltr'>quinquagenis,</span> <span class='ocrx_word' id='word_1_107' title='bbox 1003 1530 1082 1594; x_wconf 82' lang='lat' dir='ltr'>grex</span> 
     </span>
     <span class='ocr_line' id='line_1_15' title="bbox 18 1595 1081 1680; baseline -0.001 -17"><span class='ocrx_word' id='word_1_108' title='bbox 18 1624 50 1665; x_wconf 80' lang='lat' dir='ltr'>rs</span> <span class='ocrx_word' id='word_1_109' title='bbox 64 1597 270 1661; x_wconf 90' lang='lat' dir='ltr'>centenarius</span> <span class='ocrx_word' id='word_1_110' title='bbox 288 1596 383 1660; x_wconf 86' lang='lat' dir='ltr'>facile</span> <span class='ocrx_word' id='word_1_111' title='bbox 403 1595 611 1680; x_wconf 84' lang='lat' dir='ltr'>quadragena</span> <span class='ocrx_word' id='word_1_112' title='bbox 630 1597 720 1660; x_wconf 89' lang='lat' dir='ltr'>milia</span> <span class='ocrx_word' id='word_1_113' title='bbox 739 1597 889 1661; x_wconf 87' lang='lat' dir='ltr'>sestertia</span> <span class='ocrx_word' id='word_1_114' title='bbox 909 1601 945 1660; x_wconf 89' lang='lat' dir='ltr'>ut</span> <span class='ocrx_word' id='word_1_115' title='bbox 958 1598 1081 1676; x_wconf 90' lang='lat' dir='ltr'>reddat,</span> 
     </span>
     <span class='ocr_line' id='line_1_16' title="bbox 63 1683 1081 1769; baseline 0.002 -21"><span class='ocrx_word' id='word_1_116' title='bbox 63 1688 104 1748; x_wconf 93' lang='lat' dir='ltr'>ut</span> <span class='ocrx_word' id='word_1_117' title='bbox 127 1684 255 1768; x_wconf 91' lang='lat' dir='ltr'>quidem</span> <span class='ocrx_word' id='word_1_118' title='bbox 274 1683 437 1748; x_wconf 77' lang='lat' dir='ltr'>Abuccius</span> <span class='ocrx_word' id='word_1_119' title='bbox 462 1684 579 1767; x_wconf 84' lang='lat' dir='ltr'>aiebat,</span> <span class='ocrx_word' id='word_1_120' title='bbox 602 1684 630 1748; x_wconf 90' lang='lat' dir='ltr'>si</span> <span class='ocrx_word' id='word_1_121' title='bbox 653 1685 688 1747; x_wconf 90' lang='lat' dir='ltr'>in</span> <span class='ocrx_word' id='word_1_122' title='bbox 712 1686 858 1769; x_wconf 86' lang='lat' dir='ltr'>singulos</span> <span class='ocrx_word' id='word_1_123' title='bbox 881 1688 993 1749; x_wconf 86' lang='lat' dir='ltr'>ternos</span> <span class='ocrx_word' id='word_1_124' title='bbox 1017 1688 1081 1750; x_wconf 88' lang='lat' dir='ltr'>exi·</span> 
     </span>
     <span class='ocr_line' id='line_1_17' title="bbox 63 1773 744 1858; baseline -0.003 -20"><span class='ocrx_word' id='word_1_125' title='bbox 63 1776 157 1858; x_wconf 86' lang='lat' dir='ltr'>geret</span> <span class='ocrx_word' id='word_1_126' title='bbox 179 1773 296 1857; x_wconf 92' lang='lat' dir='ltr'>pullos,</span> <span class='ocrx_word' id='word_1_127' title='bbox 319 1773 431 1856; x_wconf 86' lang='lat' dir='ltr'>perfici</span> <span class='ocrx_word' id='word_1_128' title='bbox 455 1793 616 1857; x_wconf 89' lang='lat' dir='ltr'>sexagena</span> <span class='ocrx_word' id='word_1_129' title='bbox 638 1794 744 1856; x_wconf 88' lang='lat' dir='ltr'>posse.</span> 
     </span>
     <span class='ocr_line' id='line_1_18' title="bbox 153 1861 1134 1947; baseline 0.002 -22"><span class='ocrx_word' id='word_1_130' title='bbox 153 1861 283 1925; x_wconf 87' lang='lat' dir='ltr'>Interea</span> <span class='ocrx_word' id='word_1_131' title='bbox 299 1863 387 1926; x_wconf 81' lang='lat' dir='ltr'>venit</span> <span class='ocrx_word' id='word_1_132' title='bbox 405 1862 570 1944; x_wconf 88' lang='lat' dir='ltr'>apparitor</span> <span class='ocrx_word' id='word_1_133' title='bbox 588 1862 675 1945; x_wconf 88' lang='lat' dir='ltr'>Appi</span> <span class='ocrx_word' id='word_1_134' title='bbox 695 1883 714 1925; x_wconf 91' lang='lat' dir='ltr'>a</span> <span class='ocrx_word' id='word_1_135' title='bbox 733 1862 864 1925; x_wconf 90' lang='lat' dir='ltr'>consule</span> <span class='ocrx_word' id='word_1_136' title='bbox 884 1865 917 1925; x_wconf 89' lang='lat' dir='ltr'>et</span> <span class='ocrx_word' id='word_1_137' title='bbox 935 1881 1134 1947; x_wconf 85' lang='lat' dir='ltr'>auguresvn</span> 
     </span>
     <span class='ocr_line' id='line_1_19' title="bbox 64 1948 1079 2016; baseline 0.002 -2"><span class='ocrx_word' id='word_1_138' title='bbox 64 1948 113 2014; x_wconf 88' lang='lat' dir='ltr'>ait</span> <span class='ocrx_word' id='word_1_139' title='bbox 136 1949 239 2015; x_wconf 86' lang='lat' dir='ltr'>citari.</span> <span class='ocrx_word' id='word_1_140' title='bbox 283 1949 339 2013; x_wconf 90' lang='lat' dir='ltr'>ille</span> <span class='ocrx_word' id='word_1_141' title='bbox 362 1950 452 2014; x_wconf 88' lang='lat' dir='ltr'>foras</span> <span class='ocrx_word' id='word_1_142' title='bbox 476 1951 543 2014; x_wconf 93' lang='lat' dir='ltr'>exit</span> <span class='ocrx_word' id='word_1_143' title='bbox 566 1971 583 2013; x_wconf 92' lang='lat' dir='ltr'>e</span> <span class='ocrx_word' id='word_1_144' title='bbox 606 1950 693 2014; x_wconf 83' lang='lat' dir='ltr'>villa.</span> <span class='ocrx_word' id='word_1_145' title='bbox 741 1953 775 2014; x_wconf 91' lang='lat' dir='ltr'>at</span> <span class='ocrx_word' id='word_1_146' title='bbox 801 1949 835 2014; x_wconf 91' lang='lat' dir='ltr'>in</span> <span class='ocrx_word' id='word_1_147' title='bbox 859 1950 971 2015; x_wconf 88' lang='lat' dir='ltr'>villam</span> <span class='ocrx_word' id='word_1_148' title='bbox 994 1951 1079 2016; x_wconf 89' lang='lat' dir='ltr'>intro</span> 
     </span>
     <span class='ocr_line' id='line_1_20' title="bbox 19 2037 1080 2126; baseline -0.001 -20"><span class='ocrx_word' id='word_1_149' title='bbox 19 2066 49 2106; x_wconf 80' lang='lat' dir='ltr'>ac</span> <span class='ocrx_word' id='word_1_150' title='bbox 63 2038 215 2102; x_wconf 84' lang='lat' dir='ltr'>involant</span> <span class='ocrx_word' id='word_1_151' title='bbox 233 2038 411 2122; x_wconf 90' lang='lat' dir='ltr'>columbae,</span> <span class='ocrx_word' id='word_1_152' title='bbox 430 2037 468 2101; x_wconf 90' lang='lat' dir='ltr'>de</span> <span class='ocrx_word' id='word_1_153' title='bbox 487 2038 604 2123; x_wconf 90' lang='lat' dir='ltr'>quibus</span> <span class='ocrx_word' id='word_1_154' title='bbox 622 2038 749 2102; x_wconf 90' lang='lat' dir='ltr'>Merula</span> <span class='ocrx_word' id='word_1_155' title='bbox 762 2038 856 2122; x_wconf 89' lang='lat' dir='ltr'>Axi0,</span> <span class='ocrx_word' id='word_1_156' title='bbox 875 2038 909 2103; x_wconf 84' lang='lat' dir='ltr'>Si</span> <span class='ocrx_word' id='word_1_157' title='bbox 927 2062 1080 2126; x_wconf 88' lang='lat' dir='ltr'>umquam</span> 
     </span>
     <span class='ocr_line' id='line_1_21' title="bbox 66 2126 1081 2212; baseline 0.003 -22"><span class='ocrx_word' id='word_1_158' title='bbox 66 2129 134 2208; x_wconf 91' lang='lat' dir='ltr'>[ex]</span> <span class='ocrx_word' id='word_1_159' title='bbox 159 2126 474 2210; x_wconf 88' lang='lat' dir='ltr'>peristerotrophion</span> <span class='ocrx_word' id='word_1_160' title='bbox 498 2127 731 2210; x_wconf 87' lang='lat' dir='ltr'>constituisses,</span> <span class='ocrx_word' id='word_1_161' title='bbox 754 2127 814 2191; x_wconf 92' lang='lat' dir='ltr'>has</span> <span class='ocrx_word' id='word_1_162' title='bbox 837 2131 910 2192; x_wconf 89' lang='lat' dir='ltr'>tuas</span> <span class='ocrx_word' id='word_1_163' title='bbox 933 2149 1003 2192; x_wconf 88' lang='lat' dir='ltr'>esse</span> <span class='ocrx_word' id='word_1_164' title='bbox 1022 2152 1081 2212; x_wconf 92' lang='lat' dir='ltr'>pu-</span> 
     </span>
     <span class='ocr_line' id='line_1_22' title="bbox 63 2214 1081 2300; baseline 0.003 -22"><span class='ocrx_word' id='word_1_165' title='bbox 63 2221 164 2299; x_wconf 87' lang='lat' dir='ltr'>tares,</span> <span class='ocrx_word' id='word_1_166' title='bbox 188 2215 337 2298; x_wconf 87' lang='lat' dir='ltr'>quamvis</span> <span class='ocrx_word' id='word_1_167' title='bbox 361 2215 448 2279; x_wconf 88' lang='lat' dir='ltr'>ferae</span> <span class='ocrx_word' id='word_1_168' title='bbox 473 2217 591 2279; x_wconf 90' lang='lat' dir='ltr'>essent.</span> <span class='ocrx_word' id='word_1_169' title='bbox 632 2214 695 2279; x_wconf 89' lang='lat' dir='ltr'>duo</span> <span class='ocrx_word' id='word_1_170' title='bbox 719 2216 805 2279; x_wconf 91' lang='lat' dir='ltr'>enim</span> <span class='ocrx_word' id='word_1_171' title='bbox 829 2236 1081 2300; x_wconf 77' lang='lat' dir='ltr'>generosarum</span> 
     </span>
     <span class='ocr_line' id='line_1_23' title="bbox 63 2303 1080 2388; baseline 0.003 -21"><span class='ocrx_word' id='word_1_172' title='bbox 63 2304 99 2367; x_wconf 92' lang='lat' dir='ltr'>in</span> <span class='ocrx_word' id='word_1_173' title='bbox 121 2303 413 2388; x_wconf 86' lang='lat' dir='ltr'>peristerotrophio</span> <span class='ocrx_word' id='word_1_174' title='bbox 437 2324 508 2368; x_wconf 90' lang='lat' dir='ltr'>esse</span> <span class='ocrx_word' id='word_1_175' title='bbox 531 2303 646 2386; x_wconf 81' lang='lat' dir='ltr'>solent,</span> <span class='ocrx_word' id='word_1_176' title='bbox 669 2325 768 2367; x_wconf 91' lang='lat' dir='ltr'>nuum</span> <span class='ocrx_word' id='word_1_177' title='bbox 793 2307 934 2387; x_wconf 82' lang='lat' dir='ltr'>agreste,</span> <span class='ocrx_word' id='word_1_178' title='bbox 963 2308 1001 2368; x_wconf 92' lang='lat' dir='ltr'>ut</span> <span class='ocrx_word' id='word_1_179' title='bbox 1024 2307 1080 2370; x_wconf 91' lang='lat' dir='ltr'>alii</span> 
     </span>
     <span class='ocr_line' id='line_1_24' title="bbox 63 2390 1080 2476; baseline 0.002 -21"><span class='ocrx_word' id='word_1_180' title='bbox 63 2390 185 2469; x_wconf 91' lang='lat' dir='ltr'>dicunt,</span> <span class='ocrx_word' id='word_1_181' title='bbox 209 2392 353 2476; x_wconf 86' lang='lat' dir='ltr'>saxatile,</span> <span class='ocrx_word' id='word_1_182' title='bbox 377 2392 462 2476; x_wconf 90' lang='lat' dir='ltr'>quod</span> <span class='ocrx_word' id='word_1_183' title='bbox 480 2391 620 2455; x_wconf 90' lang='lat' dir='ltr'>habetur</span> <span class='ocrx_word' id='word_1_184' title='bbox 637 2392 671 2455; x_wconf 92' lang='lat' dir='ltr'>in</span> <span class='ocrx_word' id='word_1_185' title='bbox 689 2391 834 2455; x_wconf 88' lang='lat' dir='ltr'>turribus</span> <span class='ocrx_word' id='word_1_186' title='bbox 855 2413 892 2456; x_wconf 91' lang='lat' dir='ltr'>ac</span> <span class='ocrx_word' id='word_1_187' title='bbox 911 2392 1080 2457; x_wconf 89' lang='lat' dir='ltr'>columini-</span> 
     </span>
     <span class='ocr_line' id='line_1_25' title="bbox 18 2480 1080 2564; baseline -0.002 -17"><span class='ocrx_word' id='word_1_188' title='bbox 18 2480 126 2548; x_wconf 78' lang='lat' dir='ltr'>asbus</span> <span class='ocrx_word' id='word_1_189' title='bbox 150 2481 261 2562; x_wconf 86' lang='lat' dir='ltr'>villae,</span> <span class='ocrx_word' id='word_1_190' title='bbox 289 2503 308 2544; x_wconf 88' lang='lat' dir='ltr'>a</span> <span class='ocrx_word' id='word_1_191' title='bbox 336 2502 400 2564; x_wconf 91' lang='lat' dir='ltr'>quo</span> <span class='ocrx_word' id='word_1_192' title='bbox 424 2480 606 2564; x_wconf 86' lang='lat' dir='ltr'>appellatae</span> <span class='ocrx_word' id='word_1_193' title='bbox 630 2481 811 2561; x_wconf 90' lang='lat' dir='ltr'>columbae,</span> <span class='ocrx_word' id='word_1_194' title='bbox 841 2501 922 2563; x_wconf 88' lang='lat' dir='ltr'>quae</span> <span class='ocrx_word' id='word_1_195' title='bbox 945 2484 1080 2564; x_wconf 90' lang='lat' dir='ltr'>propter</span> 
     </span>
     <span class='ocr_line' id='line_1_26' title="bbox 62 2569 1079 2652; baseline -0.001 -19"><span class='ocrx_word' id='word_1_196' title='bbox 62 2569 215 2633; x_wconf 90' lang='lat' dir='ltr'>timorem</span> <span class='ocrx_word' id='word_1_197' title='bbox 251 2570 434 2634; x_wconf 87' lang='lat' dir='ltr'>naturalem</span> <span class='ocrx_word' id='word_1_198' title='bbox 471 2590 597 2632; x_wconf 89' lang='lat' dir='ltr'>summa</span> <span class='ocrx_word' id='word_1_199' title='bbox 634 2569 705 2632; x_wconf 91' lang='lat' dir='ltr'>loca</span> <span class='ocrx_word' id='word_1_200' title='bbox 737 2569 772 2631; x_wconf 90' lang='lat' dir='ltr'>in</span> <span class='ocrx_word' id='word_1_201' title='bbox 803 2569 898 2632; x_wconf 88' lang='lat' dir='ltr'>tectis</span> <span class='ocrx_word' id='word_1_202' title='bbox 932 2572 1079 2652; x_wconf 87' lang='lat' dir='ltr'>captant:</span> 
     </span>
     <span class='ocr_line' id='line_1_27' title="bbox 64 2657 1079 2741; baseline 0 -20"><span class='ocrx_word' id='word_1_203' title='bbox 64 2678 128 2740; x_wconf 90' lang='lat' dir='ltr'>qno</span> <span class='ocrx_word' id='word_1_204' title='bbox 152 2659 190 2721; x_wconf 91' lang='lat' dir='ltr'>fit</span> <span class='ocrx_word' id='word_1_205' title='bbox 212 2660 249 2720; x_wconf 91' lang='lat' dir='ltr'>nt</span> <span class='ocrx_word' id='word_1_206' title='bbox 273 2661 418 2739; x_wconf 86' lang='lat' dir='ltr'>agrestes</span> <span class='ocrx_word' id='word_1_207' title='bbox 441 2657 581 2721; x_wconf 89' lang='lat' dir='ltr'>maxime</span> <span class='ocrx_word' id='word_1_208' title='bbox 605 2661 781 2740; x_wconf 86' lang='lat' dir='ltr'>sequantur</span> <span class='ocrx_word' id='word_1_209' title='bbox 804 2662 919 2741; x_wconf 91' lang='lat' dir='ltr'>turres,</span> <span class='ocrx_word' id='word_1_210' title='bbox 941 2657 975 2720; x_wconf 91' lang='lat' dir='ltr'>in</span> <span class='ocrx_word' id='word_1_211' title='bbox 999 2678 1079 2740; x_wconf 90' lang='lat' dir='ltr'>quas</span> 
     </span>
     <span class='ocr_line' id='line_1_28' title="bbox 64 2746 1110 2830; baseline 0.005 -21"><span class='ocrx_word' id='word_1_212' title='bbox 64 2766 103 2809; x_wconf 87' lang='lat' dir='ltr'>ex</span> <span class='ocrx_word' id='word_1_213' title='bbox 132 2766 211 2830; x_wconf 88' lang='lat' dir='ltr'>agro</span> <span class='ocrx_word' id='word_1_214' title='bbox 241 2746 371 2810; x_wconf 85' lang='lat' dir='ltr'>evolant</span> <span class='ocrx_word' id='word_1_215' title='bbox 400 2749 514 2828; x_wconf 91' lang='lat' dir='ltr'>suapte</span> <span class='ocrx_word' id='word_1_216' title='bbox 542 2748 657 2829; x_wconf 90' lang='lat' dir='ltr'>sponte</span> <span class='ocrx_word' id='word_1_217' title='bbox 681 2766 718 2809; x_wconf 87' lang='lat' dir='ltr'>aa</span> <span class='ocrx_word' id='word_1_218' title='bbox 740 2749 894 2809; x_wconf 90' lang='lat' dir='ltr'>remeant.</span> <span class='ocrx_word' id='word_1_219' title='bbox 941 2746 1110 2814; x_wconf 79' lang='lat' dir='ltr'>alterum2</span> 
     </span>
     <span class='ocr_line' id='line_1_29' title="bbox 64 2833 1079 2919; baseline 0.002 -22"><span class='ocrx_word' id='word_1_220' title='bbox 64 2854 166 2919; x_wconf 87' lang='lat' dir='ltr'>genus</span> <span class='ocrx_word' id='word_1_221' title='bbox 195 2833 304 2914; x_wconf 93' lang='lat' dir='ltr'>[illud]</span> <span class='ocrx_word' id='word_1_222' title='bbox 333 2834 556 2898; x_wconf 88' lang='lat' dir='ltr'>columbarum</span> <span class='ocrx_word' id='word_1_223' title='bbox 584 2837 635 2897; x_wconf 90' lang='lat' dir='ltr'>est</span> <span class='ocrx_word' id='word_1_224' title='bbox 661 2834 865 2916; x_wconf 88' lang='lat' dir='ltr'>clementius,</span> <span class='ocrx_word' id='word_1_225' title='bbox 893 2835 977 2916; x_wconf 88' lang='lat' dir='ltr'>quod</span> <span class='ocrx_word' id='word_1_226' title='bbox 1006 2835 1079 2900; x_wconf 90' lang='lat' dir='ltr'>cibo</span> 
     </span>
     <span class='ocr_line' id='line_1_30' title="bbox 19 2921 1079 3006; baseline -0.003 -16"><span class='ocrx_word' id='word_1_227' title='bbox 19 2949 48 2990; x_wconf 85' lang='lat' dir='ltr'>so</span> <span class='ocrx_word' id='word_1_228' title='bbox 64 2921 244 2986; x_wconf 89' lang='lat' dir='ltr'>domestico</span> <span class='ocrx_word' id='word_1_229' title='bbox 273 2925 459 2986; x_wconf 91' lang='lat' dir='ltr'>contentum</span> <span class='ocrx_word' id='word_1_230' title='bbox 486 2923 573 2986; x_wconf 90' lang='lat' dir='ltr'>intra</span> <span class='ocrx_word' id='word_1_231' title='bbox 599 2922 714 2985; x_wconf 90' lang='lat' dir='ltr'>limina</span> <span class='ocrx_word' id='word_1_232' title='bbox 737 2923 852 2986; x_wconf 87' lang='lat' dir='ltr'>ianuae</span> <span class='ocrx_word' id='word_1_233' title='bbox 876 2924 959 2986; x_wconf 89' lang='lat' dir='ltr'>solet</span> <span class='ocrx_word' id='word_1_234' title='bbox 981 2925 1079 3006; x_wconf 86' lang='lat' dir='ltr'>pasci.</span> 
     </span>
    </p>
   </div>
   <div class='ocr_carea' id='block_1_4' title="bbox 62 3111 1078 3395">
    <p class='ocr_par' dir='ltr' id='par_1_4' title="bbox 62 3111 1078 3395">
     <span class='ocr_line' id='line_1_31' title="bbox 102 3111 1078 3196; baseline 0.005 -30"><span class='ocrx_word' id='word_1_235' title='bbox 102 3152 105 3159; x_wconf 83' lang='grc'>.</span> <span class='ocrx_word' id='word_1_236' title='bbox 155 3119 168 3166; x_wconf 84' lang='lat'>1</span> <span class='ocrx_word' id='word_1_237' title='bbox 193 3114 222 3166; x_wconf 91' lang='lat' dir='ltr'>in</span> <span class='ocrx_word' id='word_1_238' title='bbox 246 3113 430 3196; x_wconf 88' lang='lat' dir='ltr'>testudinem]</span> <span class='ocrx_word' id='word_1_239' title='bbox 455 3111 647 3167; x_wconf 87' lang='lat' dir='ltr'>intestabilem</span> <span class='ocrx_word' id='word_1_240' title='bbox 750 3119 765 3168; x_wconf 80' lang='grc'><strong>7</strong></span> <span class='ocrx_word' id='word_1_241' title='bbox 789 3130 884 3168; x_wconf 86' lang='lat' dir='ltr'>aarum</span> <span class='ocrx_word' id='word_1_242' title='bbox 910 3115 1016 3182; x_wconf 87' lang='lat' dir='ltr'>(eornm</span> <span class='ocrx_word' id='word_1_243' title='bbox 1037 3113 1078 3183; x_wconf 91' lang='lat' dir='ltr'>.V)</span> 
     </span>
     <span class='ocr_line' id='line_1_32' title="bbox 65 3183 1078 3254; baseline 0 -17"><span class='ocrx_word' id='word_1_244' title='bbox 65 3189 99 3238; x_wconf 88' lang='lat'>18</span> <span class='ocrx_word' id='word_1_245' title='bbox 122 3184 191 3254; x_wconf 88' lang='lat' dir='ltr'>appi</span> <span class='ocrx_word' id='word_1_246' title='bbox 214 3183 272 3253; x_wconf 90' lang='lat' dir='ltr'>(api</span> <span class='ocrx_word' id='word_1_247' title='bbox 295 3184 372 3252; x_wconf 79' lang='lat' dir='ltr'>Pol,</span> <span class='ocrx_word' id='word_1_248' title='bbox 396 3183 464 3254; x_wconf 89' lang='lat' dir='ltr'>appi</span> <span class='ocrx_word' id='word_1_249' title='bbox 488 3187 592 3253; x_wconf 71' lang='lat' dir='ltr'>apogr.)</span> <span class='ocrx_word' id='word_1_250' title='bbox 666 3188 700 3238; x_wconf 78' lang='lat'>20</span> <span class='ocrx_word' id='word_1_251' title='bbox 724 3184 758 3238; x_wconf 92' lang='lat' dir='ltr'>de</span> <span class='ocrx_word' id='word_1_252' title='bbox 782 3185 881 3252; x_wconf 90' lang='lat' dir='ltr'>quibus</span> <span class='ocrx_word' id='word_1_253' title='bbox 905 3200 950 3238; x_wconf 90' lang='lat' dir='ltr'>me</span> <span class='ocrx_word' id='word_1_254' title='bbox 973 3183 1008 3238; x_wconf 86' lang='lat' dir='ltr'>de</span> <span class='ocrx_word' id='word_1_255' title='bbox 1035 3200 1078 3238; x_wconf 89' lang='lat' dir='ltr'>co-</span> 
     </span>
     <span class='ocr_line' id='line_1_33' title="bbox 62 3254 1078 3325; baseline -0.002 -17"><span class='ocrx_word' id='word_1_256' title='bbox 62 3255 166 3310; x_wconf 89' lang='lat' dir='ltr'>lumbis</span> <span class='ocrx_word' id='word_1_257' title='bbox 194 3255 257 3308; x_wconf 90' lang='lat' dir='ltr'>rula</span> <span class='ocrx_word' id='word_1_258' title='bbox 284 3255 362 3310; x_wconf 86' lang='lat' dir='ltr'>axios</span> <span class='ocrx_word' id='word_1_259' title='bbox 391 3255 506 3325; x_wconf 88' lang='lat' dir='ltr'>inquam</span> <span class='ocrx_word' id='word_1_260' title='bbox 534 3270 567 3308; x_wconf 89' lang='lat' dir='ltr'>ex</span> <span class='ocrx_word' id='word_1_261' title='bbox 595 3254 846 3324; x_wconf 89' lang='lat' dir='ltr'>peristerotrophic</span> <span class='ocrx_word' id='word_1_262' title='bbox 926 3260 959 3309; x_wconf 82' lang='lat'>29</span> <span class='ocrx_word' id='word_1_263' title='bbox 989 3270 1078 3324; x_wconf 87' lang='lat' dir='ltr'>genus</span> 
     </span>
     <span class='ocr_line' id='line_1_34' title="bbox 62 3325 734 3395; baseline -0.001 -15"><span class='ocrx_word' id='word_1_264' title='bbox 62 3325 135 3380; x_wconf 93' lang='lat' dir='ltr'>illud</span> <span class='ocrx_word' id='word_1_265' title='bbox 154 3325 345 3380; x_wconf 86' lang='lat' dir='ltr'>columbarum</span> <span class='ocrx_word' id='word_1_266' title='bbox 365 3326 464 3395; x_wconf 87' lang='lat' dir='ltr'>(genus</span> <span class='ocrx_word' id='word_1_267' title='bbox 483 3326 675 3381; x_wconf 85' lang='lat' dir='ltr'>columbarum</span> <span class='ocrx_word' id='word_1_268' title='bbox 697 3325 734 3395; x_wconf 87' lang='lat' dir='ltr'>V)</span> 
     </span>
    </p>
   </div>
   <div class='ocr_carea' id='block_1_5' title="bbox 61 3481 1078 3627">
    <p class='ocr_par' dir='ltr' id='par_1_5' title="bbox 61 3481 1078 3627">
     <span class='ocr_line' id='line_1_35' title="bbox 154 3481 1078 3552; baseline 0 -13"><span class='ocrx_word' id='word_1_269' title='bbox 154 3492 168 3539; x_wconf 93' lang='lat'>1</span> <span class='ocrx_word' id='word_1_270' title='bbox 188 3486 218 3539; x_wconf 89' lang='lat' dir='ltr'>in</span> <span class='ocrx_word' id='word_1_271' title='bbox 236 3484 377 3539; x_wconf 88' lang='lat' dir='ltr'>testudine</span> <span class='ocrx_word' id='word_1_272' title='bbox 396 3502 422 3539; x_wconf 89' lang='lat' dir='ltr'>m</span> <span class='ocrx_word' id='word_1_273' title='bbox 485 3491 519 3540; x_wconf 79' lang='lat'>20</span> <span class='ocrx_word' id='word_1_274' title='bbox 538 3484 647 3540; x_wconf 83' lang='lat' dir='ltr'>Merula</span> <span class='ocrx_word' id='word_1_275' title='bbox 664 3486 727 3552; x_wconf 86' lang='lat' dir='ltr'>Axi,</span> <span class='ocrx_word' id='word_1_276' title='bbox 746 3483 771 3539; x_wconf 85' lang='lat' dir='ltr'>si</span> <span class='ocrx_word' id='word_1_277' title='bbox 788 3500 911 3551; x_wconf 85' lang='lat' dir='ltr'>unquam</span> <span class='ocrx_word' id='word_1_278' title='bbox 929 3481 1078 3552; x_wconf 84' lang='lat' dir='ltr'>peristere-</span> 
     </span>
     <span class='ocr_line' id='line_1_36' title="bbox 61 3555 437 3627; baseline -0.008 -14"><span class='ocrx_word' id='word_1_279' title='bbox 61 3557 195 3627; x_wconf 86' lang='lat' dir='ltr'>trophion</span> <span class='ocrx_word' id='word_1_280' title='bbox 214 3555 405 3611; x_wconf 85' lang='lat' dir='ltr'>constituisses</span> <span class='ocrx_word' id='word_1_281' title='bbox 421 3572 437 3610; x_wconf 86' lang='lat' dir='ltr'>c</span> 
     </span>
    </p>
   </div>
   <div class='ocr_carea' id='block_1_6' title="bbox 0 0 1220 3952">
    <p class='ocr_par' dir='ltr' id='par_1_6' title="bbox 0 0 1220 3952">
     <span class='ocr_line' id='line_1_37' title="bbox 0 0 1220 3952; baseline 0 0"><span class='ocrx_word' id='word_1_282' title='bbox 0 0 1220 3952; x_wconf 95' lang='lat' dir='ltr'> </span> 
     </span>
    </p>
   </div>
  </div>
 </body>
</html>
