2430 3952
133 214 197 276 112
546 210 734 266 VARRONIS

130 358 214 422 citur
241 360 326 420 enim
351 354 466 419 eduliis
495 360 527 420 et
551 357 692 439 ossibus,
719 377 786 419 non
809 355 919 419 herbis
945 359 1001 419 aut
1023 354 1147 420 fronde.

131 446 301 530 diligenter
325 449 360 509 ut
379 445 498 508 habeat
518 445 639 508 cibaria
657 443 899 526 providendum.
937 443 1039 508 fames
1059 443 1149 507 enim

130 535 189 599 hos
213 535 254 599 ad
278 533 497 618 quaerendum
525 533 632 596 eibum
656 534 758 616 ducet,
788 534 815 596 si
838 555 904 596 non
927 531 1148 616 praebebitur,

100 627 164 689 eet
188 646 207 686 a
229 644 345 707 pecore
369 621 517 686 abducet:
541 621 606 685 nisi
630 621 667 704 si,
690 624 726 684 ut
749 622 880 704 quidam
898 624 1024 704 putant,
1048 621 1148 685 etiam

131 712 209 775 illuc
236 711 457 795 pervenerint,
485 710 691 793 proverbium
719 713 755 773 ut
782 710 903 774 tollant
927 710 1072 774 anticum
1096 710 1148 774 vel
1176 729 1188 770 s

132 801 229 864 ctiam
254 804 291 863 ut
313 800 428 883 μῦθον
452 799 601 882 aperiant
624 798 663 862 de
687 796 850 862 Actaeone
875 802 973 882 atque
991 799 1025 862 in
1045 798 1148 862 domi·

81 895 209 952 1011um
235 889 383 953 adferant
407 888 529 952 dentes.
565 908 625 952 nec
647 909 715 951 non
737 887 784 951 ita
802 909 920 969 panem
938 886 1149 975 hordeacium

131 977 281 1062 dandum,
313 981 349 1040 ut
381 998 447 1039 non
479 976 588 1060 potius
621 996 695 1039 eum
726 975 761 1039 in
788 976 872 1040 lacte
901 976 956 1039 des
987 975 1149 1058 intritum,

131 1066 214 1150 quod
244 1088 281 1130 eo
310 1065 456 1129 consueti
483 1064 555 1128 cibo
585 1064 632 1127 uti
663 1086 681 1128 a
708 1086 823 1147 pecore
852 1085 919 1128 non
943 1064 1007 1129 cito
1030 1064 1148 1128 descis-

131 1159 215 1218 cunt.
262 1153 453 1217 morticinae
484 1152 553 1217 ovis
577 1174 644 1216 non
666 1153 836 1236 patiuntur
858 1153 946 1217 vesci
969 1174 1078 1235 carne,
1106 1173 1146 1216 ne
1162 1174 1188 1213 ro

130 1242 220 1306 ducti
244 1263 357 1324 sapore
381 1243 488 1305 minus
512 1263 546 1304 se
571 1241 765 1305 abstineant.
808 1241 887 1305 dant
909 1241 1008 1305 etiam
1032 1242 1083 1305 ius
1109 1262 1148 1304 ex

130 1331 257 1394 ossibus
286 1334 319 1393 et
346 1351 384 1393 ea
410 1330 483 1412 ipsa
511 1351 586 1394 ossa
613 1335 756 1394 contusa.
810 1330 922 1394 dentes
951 1329 1037 1393 enim
1067 1329 1148 1394 facit

129 1419 288 1483 firmiores
312 1423 404 1482 etos
428 1418 533 1502 magis
558 1419 718 1502 patulum,
746 1423 920 1501 propterea
943 1417 1029 1502 quod
1052 1418 1146 1482 vehe-

131 1508 268 1571 mentius
298 1506 490 1571 diducuntur
518 1508 635 1590 malae,
671 1507 873 1590 acrioresque
902 1508 986 1570 fiunt
1012 1509 1148 1590 propter

130 1596 343 1660 medullarum
372 1618 528 1679 saporem.
575 1595 682 1660 cibum
711 1616 824 1679 capere
855 1599 1070 1660 consuescunt
1099 1597 1145 1659 in·
1163 1615 1188 1656 ιι

80 1693 118 1748 11
130 1685 245 1765 terdiu‚
264 1686 319 1748 ubi
339 1689 524 1767 pascuntur,
542 1683 679 1766 vesperi,
699 1684 755 1747 ubi
775 1684 990 1749 stabulantur.
1019 1683 1147 1748 feturae

130 1773 325 1856 principium
358 1772 549 1837 admittendi
580 1772 705 1837 faciunt
737 1772 822 1836 veris
855 1772 1029 1854 principio:
1075 1778 1148 1837 tum

131 1862 216 1924 enim
241 1862 391 1925 dicuntur
414 1861 563 1943 catulire,
592 1860 625 1924 id
650 1864 700 1923 est
723 1861 892 1924 ostendere
915 1861 998 1925 velle
1023 1882 1057 1924 se
1079 1883 1146 1926 ma·

129 1949 232 2013 ritari.
270 1970 352 2032 quae
374 1952 444 2013 tum
463 1949 632 2031 admissae,
655 1950 786 2032 pariunt
805 1950 932 2013 circiter
951 1950 1146 2014 solstitium:

129 2041 289 2120 praegnat
291 2059 325 2100 es
275 2037 434 2100 tenim
458 2038 564 2101 solent
587 2059 658 2101 esse
681 2041 791 2101 ternos
810 2059 946 2103 menses
982 2037 1017 2102 in
1038 2037 1084 2102 fet
1071 2042 1146 2103 tura
1161 2059 1188 2099 ro

131 2126 271 2189 dandum
290 2125 398 2208 potius
416 2125 605 2190 hordeacios
625 2148 723 2210 quam
741 2126 880 2190 triticios
899 2148 1015 2209 panes:
1040 2128 1145 2210 magis

126 2215 216 2282 enim
236 2235 273 2277 eo
293 2214 385 2278 alunt
371 2218 425 2278 tur
443 2237 460 2278 c
462 2216 567 2279 ttlac
558 2238 586 2278 1s
600 2216 757 2297 praebent
770 2216 927 2279 maiorem
945 2214 1146 2279 facultatem.

79 2303 164 2366 rain
187 2303 350 2367 nutricatu
375 2304 550 2368 seeundum
572 2307 711 2387 partum,
735 2304 762 2366 si
785 2305 894 2386 plures
919 2306 1009 2387 sunt,
1033 2304 1146 2367 statim

130 2392 249 2476 eligere
282 2396 411 2493 oportet
444 2414 524 2475 quos
557 2392 678 2456 habere
710 2391 800 2474 velis,
831 2392 975 2543 reliquos
1009 2392 1145 2458 abicere.

130 2503 226 2564 quam
254 2481 468 2563 paucissimos
497 2481 679 2564 reliqueris,
712 2483 780 2543 tam
813 2484 870 2563 opt
871 2480 939 2567 imi
961 2480 995 2544 in
1028 2481 1143 2545 alendo
1159 2501 1187 2542 ac

40 2631 42 2634 .
129 2570 212 2633 fiunt
234 2575 368 2652 propter
390 2570 517 2652 copiam
540 2570 642 2634 laetis.
680 2569 896 2633 substernitur
919 2568 965 2633 eis
989 2591 1066 2634 acus
1088 2573 1146 2633 aut

131 2657 208 2740 quid
239 2657 319 2721 item
352 2658 447 2740 aliut,
479 2657 566 2740 quod
597 2657 745 2721 molliore
778 2657 877 2721 cubili
908 2657 1035 2723 facilius
1069 2657 1145 2722 edu-

131 2748 252 2808 centur.
304 2747 402 2810 eatuli
435 2746 547 2810 diebus
579 2764 627 2809 xx
658 2745 766 2810 uidere
797 2745 965 2829 incipiunt.
1018 2747 1164 2811 duobus'

130 2833 294 2896 mensibus
323 2834 441 2916 primis
472 2857 491 2897 a
522 2839 618 2917 partu
650 2856 716 2898 non
745 2834 955 2919 diiunguntur
983 2857 1003 2898 a
1031 2837 1145 2918 matre,

220 3031 233 3077 1
255 3024 370 3149 eduliis}
392 3025 487 3080 ecuria
558 3033 575 3078 4
594 3041 611 3078 a
635 3026 792 3165 peeorepo'·
775 3042 793 3079 a
810 3042 880 3095 poco
953 3027 1021 3081 but
1038 3025 1145 3082 tollunt

131 3095 373 3222 cudilquesolstitio
432 3173 466 3222 27
486 3167 565 3238 quid]
586 3165 648 3235 quit
700 3139 829 3223 molliore
848 3168 975 3238 (meliore
999 3168 1026 3221 V
1042 3174 1067 3222 el
1085 3171 1144 3226 cod.

130 3237 219 3303 Flor„
236 3236 365 3293 molliore
383 3239 525 3307 reliquia
547 3237 627 3306 Viet)

371 3100 470 3151 escunt
524 3094 619 3151 111us
637 3096 682 3163 (iis
702 3097 742 3150 Po
784 3097 827 3151 ius
846 3099 952 3167 apopr.)
1018 3103 1051 3152 19
1071 3114 1145 3165 quae

218 3422 236 3468 4
255 3433 272 3469 a
290 3432 390 3484 pecore
408 3431 425 3469 c
443 3419 468 3469 et
487 3415 553 3469 libri
569 3417 729 3470 recentiores
797 3422 813 3470 b
835 3416 868 3469 ιιι
886 3416 990 3470 tollant
1008 3417 1145 3473 (sameas

131 3492 240 3542 auctora
263 3487 361 3541 Ursino
398 3492 414 3539 9
433 3484 593 3540 desciscunt
610 3486 745 3557 Aspelius
792 3491 824 3540 19
844 3503 916 3555 quae
934 3490 1002 3542 tunc
1025 3487 1144 3544 Ursinus

131 3557 243 3611 circiter
261 3556 413 3612 solstitium
432 3556 559 3611 Reiteras
577 3563 677 3626 quaest.
703 3556 784 3611 Varr.
802 3573 914 3626 yramm.
931 3575 960 3626 p.
976 3562 1012 3613 69
