2430 3952
302 208 432 266 RERVM
449 209 687 266 avsnlcnnvn
705 211 772 266 LIB.
791 212 817 266 11
836 219 852 266 3
1040 212 1083 278 89

68 378 89 420 a
105 357 213 420 tauro.
240 354 327 440 quod
346 355 387 419 ad
404 354 546 421 feturam
564 357 714 441 pertinet,
732 357 909 421 desistente
929 360 1084 422 autumno
1117 367 1136 424 8

68 442 206 530 exigunt
228 466 249 508 a
270 463 369 530 grege
392 444 427 508 in
446 466 560 529 campo
584 445 692 509 hircos
715 446 749 510 in
772 445 922 528 caprilia,
944 447 1023 510 item
1047 451 1085 511 ut

68 533 105 598 in
137 532 295 597 arietibus
328 532 458 598 dictum.
513 555 596 617 quae
628 534 791 617 concepit,
822 538 900 618 post
931 538 1083 617 quartum

68 642 217 687 mensem
245 621 351 686 reddit
376 624 524 706 tempore
556 644 664 687 verno.
714 624 750 686 in
781 623 946 687 nutricatu
978 623 1084 705 haedi,

42 710 252 775 otrimestres
285 731 358 775 cum
386 715 463 774 sunt
488 710 585 793 facti,
616 715 687 775 tum
715 712 963 775 summittuntur
991 712 1084 776 etin

69 818 171 884 grege
193 798 353 882 incipiunt
376 820 455 863 esse.
500 799 576 882 quid
605 799 710 863 dicam
739 799 777 863 de
801 821 911 864 earum
936 799 1085 885 sanitate,

70 908 154 974 quae
181 908 359 973 numquam
387 891 465 951 sunt
492 888 613 952 sanae?
649 888 715 952 nisi
738 891 848 952 tamen
872 888 953 952 illud
976 911 1084 971 unum,

70 975 231 1060 quaedam
254 975 377 1059 scripta
398 976 518 1041 habere
541 977 718 1061 magistros
741 977 877 1060 pecoris,
900 977 1015 1060 quibus
1034 998 1083 1040 re-

68 1062 189 1130 mediis
212 1066 347 1129 utantur
366 1064 407 1127 ad
425 1065 556 1129 morbos
576 1065 733 1148 quosdam
752 1087 863 1131 earum
883 1087 920 1130 ac
938 1066 1085 1130 vulnera-

33 1157 144 1218 1otum
167 1174 298 1237 corpus,
325 1152 412 1236 quod
440 1155 611 1219 usuvenit
634 1153 675 1218 iis
699 1175 804 1239 saepe,
833 1153 919 1239 quod
941 1155 1026 1218 inter
1050 1175 1084 1217 se

70 1241 226 1308 cornibus
258 1245 407 1324 pugnant
436 1244 533 1327 atque
561 1243 595 1306 in
623 1243 764 1325 spinosis
794 1244 874 1307 locis
901 1245 1084 1326 pascuntur.

70 1330 267 1415 relinquitur
289 1328 328 1393 de
351 1351 495 1414 numero,
518 1332 572 1415 qui
595 1330 631 1394 ιιι
654 1332 809 1416 gregibus
833 1336 885 1395 est
907 1332 1014 1395 minor
1034 1354 1083 1396 ca·
1117 1338 1136 1395 9

69 1420 167 1503 prino
195 1439 293 1503 quam
320 1418 353 1481 in
377 1419 489 1502 ovillo,
518 1420 603 1502 quod
631 1440 748 1502 caprae
776 1420 917 1484 lascivae
946 1423 979 1483 et
1003 1441 1084 1502 quae

71 1508 333 1608 dispergentes,
353 1510 468 1571 contra
486 1529 562 1572 oves
582 1528 663 1591 quae
683 1530 717 1571 se
737 1512 934 1591 congregent
954 1530 991 1571 ac
1009 1529 1083 1572 con·

36 1616 59 1658 ιι
71 1595 237 1661 densent
227 1617 261 1659 ιιι
280 1595 386 1659 locum
405 1618 513 1660 unum.
540 1596 678 1679 itaque
669 1619 703 1659 ιιι
723 1616 803 1679 agro
823 1595 947 1660 Gallico
967 1616 1083 1679 greges

70 1685 183 1769 plures
209 1684 319 1768 potins
346 1683 471 1748 faciunt
494 1705 590 1768 quam
615 1705 765 1767 magnos,
789 1684 908 1786 quod
898 1705 932 1747 ιιι
955 1685 1082 1768 magnis

70 1775 138 1839 cito
165 1773 287 1837 existat
313 1773 511 1857 pestilentia,
539 1794 619 1857 quae
649 1774 690 1837 ad
717 1773 891 1857 perniciem
919 1794 992 1836 eum
1016 1794 1085 1856 per-

71 1862 179 1929 ducat.
234 1861 316 1924 satis
353 1882 508 1944 magnum
541 1882 679 1963 gregem
705 1885 764 1947 pu
750 1865 824 1926 tant
856 1883 926 1926 esse
958 1861 1138 1927 circiterIO

71 1951 329 2051 quinquagenae.
379 1950 496 2052 quibus
525 1950 649 2014 adsent'
626 1951 681 2014 nri
708 1956 767 2034 put
769 1953 825 2014 ant
810 1949 886 2014 tid
916 1951 1002 2035 quod
1024 1971 1086 2014 usu

39 2038 165 2105 evenit
188 2035 343 2139 Gaberio,
371 2038 473 2122 equiti
446 2038 653 2104 tRomano
696 2040 724 2103 is
749 2039 834 2103 enim
859 2039 988 2103 cumin
1012 2039 1086 2103 sub-

71 2128 198 2193 urbano
216 2126 338 2191 mille
329 2145 477 2210 iugerum
499 2127 694 2191 haberetet
680 2131 742 2192 ta
765 2129 913 2211 caprario
937 2127 1086 2212 quodam,

73 2216 128 2301 qui
161 2214 296 2280 adduxit
282 2215 470 2298 tcapellas
500 2215 541 2280 ad
567 2216 681 2280 urbem
711 2216 832 2298 decem,
865 2216 965 2280 sibi
956 2238 990 2280 m
1018 2217 1085 2280 dies

74 2304 221 2390 singulos
244 2302 395 2367 denarios
419 2305 568 2389 singulos
593 2304 669 2368 dare
694 2305 845 2388 audisset,
869 2304 977 2388 coegit
995 2304 1085 2368 mille

74 2414 260 2477 caprarum,
296 2413 431 2475 sperans
460 2414 494 2456 se
522 2396 692 2476 capturum
723 2393 761 2457 de
790 2393 923 2477 praedio
953 2393 987 2454 in
1017 2392 1085 2456 dies

41 2480 222 2567 nsiugulos
253 2480 420 2544 denarium
453 2481 552 2545 mille.
604 2484 733 2546 tantum
767 2481 851 2545 enim
883 2479 1018 2562 fefellit,
1050 2485 1087 2544 ut

74 2570 163 2636 brevi
197 2588 310 2633 omnes
343 2569 488 2633 amiserit
515 2571 640 2634 morbo.
690 2573 805 2634 contra
833 2569 868 2633 in
896 2567 1085 2632 Sallentinis

73 2662 106 2723 et
131 2659 168 2722 in
191 2655 339 2723 Casinati
367 2657 407 2721 ad
438 2663 592 2722 centenas
620 2662 767 2742 pascunt.
813 2658 851 2720 de
879 2657 1023 2721 maribus
1054 2662 1086 2720 et

72 2745 204 2811 feminis
227 2745 313 2810 idem
336 2746 403 2810 fere
428 2746 613 2831 discrimen,
642 2751 678 2811 ut
707 2747 763 2810 alii
787 2747 828 2810 ad
852 2745 952 2809 denas
972 2768 1086 2830 capras

74 2835 220 2919 singulos
249 2838 365 2916 parent
391 2835 513 2918 hircos,
543 2839 578 2899 ut
606 2856 681 2920 ego,
715 2835 771 2899 alii
799 2835 898 2899 etiam
927 2834 967 2898 ad
996 2835 1086 2918 quin-

161 3033 178 3081 2
202 3026 232 3080 ιιι
261 3042 376 3095 campos
404 3027 445 3098 (in
473 3042 572 3096 eampo
599 3026 637 3096 V)
728 3033 743 3081 3
774 3026 903 3110 concipit
986 3031 1002 3080 5
1030 3026 1087 3081 sint

74 3097 303 3168 trulneratum]
328 3096 445 3152 uulnera
467 3101 534 3151 tunc
612 3103 644 3151 11
669 3096 785 3167 adqui
777 3115 807 3150 ιιι
830 3098 919 3165 sposis
997 3102 1030 3151 14
1053 3113 1086 3151 ac

73 3169 225 3224 condecent
242 3169 286 3238 (ac
305 3168 476 3223 condensent
494 3185 598 3239 apogr,
622 3171 650 3223 et
669 3169 822 3224 condecent
839 3168 912 3238 Pol.)
985 3173 1019 3222 23
1039 3163 1086 3223 au-

73 3239 146 3295 disse
221 3245 256 3292 24
275 3240 418 3308 capturam
492 3244 525 3293 25
544 3239 677 3294 fefellerit

161 3423 179 3472 8
198 3415 361 3484 consopito
450 3420 466 3470 ὅ
485 3433 548 3470 eum
568 3418 634 3470 sunt
652 3416 832 3472 Schmiderus
922 3422 940 3468 9
957 3415 1087 3468 uulnera-

71 3490 132 3544 tum
150 3505 179 3543 m
270 3492 302 3541 11
322 3486 407 3556 atque
425 3486 455 3540 in
474 3485 594 3555 spinosis
613 3486 683 3542 locis
701 3504 749 3543 mo
844 3493 878 3540 23
898 3485 1022 3540 audisset
1040 3503 1087 3541 mc

72 3566 106 3617 24
125 3559 275 3629 capturum
292 3574 340 3612 mo
412 3561 446 3612 25
464 3557 567 3612 fefellit
584 3575 601 3612 o
