2430 3952
260 224 391 282 RERVM
409 212 648 280 RVSTICARVM
667 226 733 281 LIB.
751 225 764 278 Ι
782 232 887 281 31-35
1032 226 1075 290 49

58 370 226 437 Gallicani
249 371 393 456 quidam,
423 371 566 454 legarica
590 371 763 456 appellant,
787 374 924 455 utraque
947 371 1034 436 dicta
1057 395 1077 437 a

57 459 209 546 legendo,
233 461 318 544 quod
343 482 382 524 ea
402 481 469 524 non
488 463 647 543 secantur,
671 461 728 524 sed
746 461 895 524 vellendo
915 461 1076 545 leguntur.

57 550 175 615 vineas
198 554 322 613 veteres
345 550 463 613 iterum
487 570 609 633 occare,
632 550 775 613 novellas
799 550 897 613 etiam
917 548 1024 633 tertio,
1048 551 1073 613 si

60 642 142 703 sunt
164 637 357 713 etiamtum
381 636 524 721 glaebae.
735 686 739 703 ι

31 756 45 797 5
155 725 276 801 Quinto
287 726 459 790 intervallo
469 727 553 790 inter
563 726 742 790 caniculam
754 730 786 790 et
796 727 1036 812 aequinoctium
1044 742 1159 797 XXXIII

62 815 253 880 autumnale
276 818 405 898 oportet
427 818 607 878 stramenta
630 814 773 879 desecari
796 819 829 879 et
851 838 983 881 acervos
1003 839 1075 882 con·

60 904 173 987 stitui,
206 906 298 967 arata
330 903 470 987 effringi,
502 904 651 968 frondem
683 904 789 988 caedi,
821 910 917 988 prata
949 906 1077 991 inrigua

60 994 182 1057 iterum
206 992 316 1056 secari.

155 1078 252 1145 Sexto
271 1081 442 1144 intervallo
462 1081 503 1144 ab
528 1081 733 1164 aequinoctio
754 1081 934 1146 autumnali
954 1083 1033 1146 inci·
1043 1097 1161 1154 XXXIV

20 1200 47 1239 ru
61 1190 141 1253 pere
171 1169 318 1234 scribunt
346 1173 494 1252 oportere
522 1191 627 1233 serere
656 1192 757 1253 usque
790 1171 830 1234 ad
863 1172 946 1235 diem
979 1193 1077 1236 nona·

63 1258 227 1345 gesimum
253 1280 367 1340 unum3
404 1263 480 1340 post
507 1258 666 1340 brumam,
694 1258 758 1322 nisi
786 1282 869 1343 quae
898 1261 1079 1325 necessaria

62 1367 164 1412 causa
186 1347 343 1431 coegerit,
370 1367 437 1410 non
462 1368 582 1429 serere,
610 1347 695 1430 quod
718 1351 848 1412 tanturn
871 1349 1014 1427 intersit,
1042 1354 1079 1414 ut

62 1440 141 1500 ante
159 1435 307 1499 brumam
329 1439 401 1498 sata
419 1457 501 1519 quae
521 1436 659 1519 septimo
680 1436 739 1519 die,
752 1442 824 1519 post
842 1438 989 1501 brumam
1009 1441 1080 1501 sata

63 1523 315 1609 quadragesimo
340 1522 391 1587 die
414 1526 469 1588 vix
493 1525 642 1588 existant.
678 1546 782 1609 neque
807 1530 882 1589 ante
906 1526 1078 1608 aequinoc-

21 1613 150 1687 „cium
177 1612 276 1696 incipi
305 1616 455 1696 oportere
478 1617 608 1697 putant,
636 1613 734 1696 quod,
762 1614 789 1676 si
814 1614 921 1678 minus
944 1614 1078 1679 idoneae

62 1703 277 1784 tempestates
295 1700 361 1764 sint
380 1706 579 1785 consecutae,
598 1706 782 1784 putrescere
800 1703 924 1767 semina
943 1703 1078 1767 soleant.

62 1790 177 1855 fabam
197 1789 317 1872 optime
336 1791 399 1853 seri
419 1789 451 1853 in
470 1791 680 1875 vergiliarum
704 1811 833 1855 occasu:
866 1814 946 1856 uvas
971 1796 1108 1858 autem2

62 1880 174 1963 legere
198 1882 231 1941 et
249 1878 445 1942 vindemiam
464 1879 570 1943 facere
588 1880 675 1943 inter
694 1880 932 1964 aequinoctium
954 1884 1079 1946 autum-

62 1968 141 2032 nale
170 1970 204 2031 et
231 1967 442 2050 vergiliarum
470 1989 633 2033 occasum:
671 1968 744 2032 dein
773 1970 855 2033 vites
886 1975 1000 2053 putare
1030 1971 1078 2034 in-

24 2057 174 2139 „cipere
209 2059 242 2119 et
274 2076 457 2140 propagare
487 2059 520 2120 et
549 2078 654 2121 serere
687 2080 794 2140 poma.
843 2058 924 2123 haec
956 2060 1081 2144 aliquot

63 2144 264 2230 regionibus,
283 2144 339 2208 ubi
357 2145 515 2209 maturius
534 2146 659 2229 frigora
671 2145 756 2210 fiunt
771 2148 945 2233 asperiora,
965 2149 1079 2212 melius

65 2254 165 2299 veruo
189 2237 345 2315 tempore.

157 2318 302 2404 Septimo
317 2321 489 2386 intervallo
504 2321 590 2385 inter
609 2323 817 2406 vergiliarum
838 2346 987 2389 occasum
1007 2329 1154 2396 etXXXV

65 2410 218 2475 brumam
246 2409 326 2474 haec
353 2410 422 2474 fieri
453 2414 601 2494 oportere
626 2411 743 2477 dicunt.
789 2434 894 2476 serere
918 2412 1024 2476 lilium
1050 2419 1081 2477 et

26 2520 204 2573 warocum.
259 2520 341 2582 quae
373 2500 440 2563 iarn
472 2498 540 2582 egit
568 2499 707 2563 radicem
741 2523 830 2585 rosa,
867 2523 905 2565 ea
938 2502 1083 2565 caeditur

65 2587 223 2652 radicitus
243 2587 276 2651 in
295 2588 439 2672 virgulas
461 2588 623 2670 palmares
639 2592 672 2652 et
687 2590 847 2653 obruitur:
871 2590 950 2654 haec
971 2590 1081 2654 eadem

65 2679 185 2759 postea
211 2676 406 2740 transfertur
433 2676 521 2741 facta
548 2678 716 2742 viviradix.
761 2679 898 2742 violaria
926 2679 957 2743 in
982 2678 1082 2743 fundo

65 2766 174 2830 facere
198 2785 263 2828 non
287 2768 337 2828 est
359 2765 456 2849 utile,
485 2764 558 2830 ideo
582 2767 668 2849 quod
691 2789 821 2831 necesse
846 2774 896 2832 est
918 2772 1006 2833 terra
1030 2768 1081 2832 ad-

65 2854 193 2918 ruenda
224 2852 375 2936 pulvinos
406 2853 491 2935 fieri,
532 2875 611 2936 quos
644 2857 855 2940 inrigationes
889 2862 921 2921 et
953 2857 1082 2940 pluviae

28 2944 280 3025 „tempestates
309 2942 444 3006 abluunt
471 2947 503 3005 et
533 2963 647 3026 agrum
670 2944 794 3008 faciunt
817 2946 1017 3010 macriorem.
1063 2956 1111 3012 a2

66 3031 202 3095 favonio
231 3052 332 3113 usque
360 3031 399 3095 ad
428 3032 549 3096 arcturi
577 3036 725 3097 exortum
752 3038 839 3098 recte
868 3036 1034 3120 serpillum
1066 3055 1082 3098 e

160 3213 175 3260 ‘1
200 3208 296 3260 aratra
404 3211 437 3259 10
465 3206 696 3274 nonagensimum
725 3210 809 3275 (nona
830 3208 947 3263 esimum
977 3210 1084 3277 apogr.)

68 3283 104 3331 13
121 3278 189 3347 post
208 3276 347 3357 brumam]
367 3275 466 3329 bruma
509 3281 542 3330 16
560 3278 706 3346 patescere
748 3284 783 3331 20
803 3226 918 3347 aliquod
954 3285 989 3333 25
1008 3279 1084 3346 quod

66 3348 127 3431 iam
146 3348 214 3418 eget
232 3347 345 3417 (quod
338 3364 394 3401 iam
413 3348 473 3415 egit
495 3346 533 3415 V)
605 3366 671 3403 rosa
689 3365 753 3403 mer
772 3351 867 3404 condit
856 3356 901 3404 tur
973 3355 1006 3403 29
1020 3349 1083 3417 plu-

66 3418 133 3473 uiae
151 3419 338 3487 tempestates
357 3419 466 3487 (pluuia
484 3422 513 3473 et
531 3420 714 3488 tempestates
728 3422 853 3490 plurimu
872 3421 1043 3491 apographa)

162 3584 196 3633 16
214 3580 373 3649 putrescere
392 3594 440 3633 rue

122 3680 213 3719 Vmo
227 3686 281 3717 nn.
295 3686 364 3718 aven.
908 3675 926 3722 4
