2430 3952
145 207 209 272 152
553 206 740 263 VARRONIS

144 352 302 415 secundus
325 355 488 416 trasactus
514 354 691 435 11111111,
719 374 778 416 neo
805 352 844 416 de
871 352 1011 417 cochleis
1038 375 1075 417 11
1099 352 1159 439 gli-

143 441 232 504 ribus
257 462 386 524 quaero,
410 440 494 524 quod
518 441 652 505 relicum
676 444 738 505 est:
768 462 872 525 neque
896 442 982 505 enim
1001 461 1160 526 magnum

142 528 369 593 molimentum
393 549 462 592 esse
484 533 602 612 potest.
643 527 719 593 Non
741 529 826 593 istuc
848 533 916 593 tam
940 530 1076 614 simplex
1101 533 1161 614 est,

143 618 252 700 inquit
279 616 420 701 Appius,
450 639 546 700 quam
574 620 611 680 tu
640 622 751 700 putas,
782 640 800 682 o
825 617 889 681 Axi
918 620 1038 682 noster.
1083 640 1161 682 nam

144 710 176 769 et
198 704 332 769 idoneus
356 705 416 770 sub
440 706 494 770 dio
519 706 692 770 sumendus
715 706 805 771 locus
828 705 1033 785 cochleariis,
1062 728 1160 790 quem
1186 728 1200 770 s

144 794 263 857 circum
287 797 393 858 totum
417 816 500 878 aqua
524 794 667 877 claudas,
694 816 750 876 ne,
774 816 854 878 quas
876 794 924 858 ibi
944 794 1094 877 posueris
1118 793 1161 860 ad

143 886 283 968 partum,
305 904 371 946 non
394 881 515 946 liberos
539 904 660 962 earum,
684 882 740 946 sed
763 883 851 967 ipsas
871 904 1017 966 quaeras.
1053 881 1160 968 Aqua,

112 972 285 1055 2inquam,
307 970 475 1049 finiendae,
497 992 538 1035 ne
561 970 766 1055 fugitivarius
786 971 831 1035 sit
847 970 1021 1054 parandus.
1051 969 1182 1039 Locus,

142 1060 170 1123 is
195 1059 318 1136 melior,
342 1080 436 1142 quem
460 1063 493 1122 et
514 1079 580 1123 non
604 1059 715 1143 coquit
737 1059 787 1123 sol
811 1062 844 1123 et
865 1059 973 1143 tangit
995 1080 1059 1124 ros.
1102 1060 1161 1144 qui

144 1148 173 1211 si
195 1147 353 1211 naturalis
377 1169 443 1210 non
467 1149 525 1228 est,
549 1151 584 1210 ut
607 1147 673 1211 fere
697 1169 764 1212 non
788 1147 921 1212 suntin
945 1147 1054 1230 aprico
1077 1148 1160 1228 loce,
1174 1171 1199 1212 ro

142 1258 246 1318 neque
269 1235 390 1298 habeas
409 1235 442 1298 in
462 1256 564 1318 opaco
582 1236 640 1300 ubi
657 1235 767 1319 facias,
790 1239 827 1299 ut
846 1239 923 1300 sunt
941 1236 1001 1299 sub
1021 1235 1159 1319 rupibus

144 1345 180 1387 ac
204 1323 382 1405 montibus,
411 1345 547 1406 quorum
576 1324 711 1388 adluant
737 1324 861 1389 radices
885 1325 974 1388 lacus
998 1345 1036 1390 ae
1058 1323 1160 1408 fluvii,

143 1434 240 1475 manu
268 1411 373 1475 facere
401 1415 530 1494 oportet
556 1413 726 1476 roscidum.
772 1412 828 1497 qui
850 1413 904 1495 fit,
934 1413 963 1476 si
986 1412 1160 1478 adduxeris

142 1500 253 1563 fistula
277 1500 365 1564 etin
390 1522 459 1563 eam
483 1501 682 1565 mammillas
704 1501 889 1584 inposueris
919 1504 1048 1584 tenues,
1077 1522 1160 1586 quae

143 1591 291 1653 eructent
314 1610 440 1672 aquam,
464 1589 512 1652 ita
534 1592 572 1652 11
593 1591 628 1653 in
651 1590 791 1672 aliquem
814 1589 955 1672 lapidem
977 1588 1102 1653 incidat
1120 1611 1159 1655 ae
1173 1611 1198 1652 ru

112 1677 210 1750 3late
235 1676 438 1760 dissipetur·
464 1700 582 1759 parvus
606 1677 648 1741 iis
672 1678 761 1766 cibus
786 1699 868 1761 opus
892 1681 950 1760 est,
980 1680 1013 1741 et
1035 1676 1064 1741 is
1089 1677 1161 1742 sine

143 1766 374 1848 ministratore,
398 1769 431 1829 et
454 1766 548 1843 hunc,
572 1766 649 1830 dum
672 1766 781 1849 serpit,
804 1787 871 1831 non
896 1766 1001 1830 solum
1024 1766 1058 1829 in
1083 1787 1161 1831 area

143 1855 276 1937 reperit,
312 1853 368 1919 sed
400 1856 512 1935 etiam,
545 1853 573 1917 si
605 1854 692 1918 rivus
725 1876 792 1918 non
824 1854 986 1936 prohibet,
1017 1854 1160 1936 parietes

144 1946 270 2006 stantes
294 1942 424 2006 invenit.
471 1941 607 2025 denique
630 1942 720 2025 ipsae
743 1944 776 2005 et
798 1943 1000 2006 ruminantes
1013 1942 1064 2026 ⁴ad
1084 1964 1160 2027 pro-

143 2031 255 2112 polam
277 2031 379 2093 uitam
408 2029 462 2092 diu
486 2031 675 2112 producunt,
706 2052 778 2094 cum
802 2031 842 2094 ad
867 2052 938 2094 eam
962 2052 1031 2095 rem
1054 2052 1198 2114 paucam

27 2179 31 2182 .
142 2119 254 2181 laurea
277 2117 355 2181 folia
379 2118 567 2182 intericiant
585 2123 618 2182 et
634 2120 812 2202 'aspergant
829 2118 972 2183 furfures
991 2139 1057 2183 non
1076 2121 1160 2184 mul-

143 2209 205 2270 los.
249 2207 358 2290 itaque
388 2227 483 2270 cocus
505 2206 565 2270 has
590 2207 681 2271 vivas
706 2229 747 2271 an
771 2211 916 2271 mortuas
941 2209 1065 2290 coquat,
1093 2208 1160 2290 ple·

112 2308 281 2379 4rumque
312 2295 424 2359 nescit.
485 2316 604 2379 genera
636 2295 838 2360 cochlearum
871 2298 947 2359 sunt
977 2294 1086 2379 plura,
1121 2299 1161 2360 ut

143 2384 287 2447 minutae
311 2384 450 2464 albulae,
473 2405 555 2467 quae
579 2384 768 2448 adferuntur
791 2405 807 2447 e
830 2383 981 2464 Reatino,
1005 2387 1038 2447 et
1056 2384 1160 2448 maxi·

142 2494 223 2555 mae,
247 2494 329 2555 quae
353 2472 391 2535 de
414 2470 549 2554 Illyrico
569 2472 791 2556 adportentur,
816 2476 848 2535 et
866 2471 1052 2550 mediocres,
1075 2493 1159 2556 quae
1173 2494 1199 2536 aa

142 2581 182 2624 ex
206 2559 318 2624 Africa
341 2560 542 2642 adferuntur3
579 2582 643 2624 non
668 2583 731 2644 quo
755 2582 820 2625 non
843 2560 877 2623 in
899 2559 951 2624 his
969 2560 1159 2644 regionibus

143 2648 335 2732 quibusdam
372 2648 453 2712 locis
491 2669 528 2711 ac
561 2648 839 2732 magnitudinibus
872 2648 939 2712 sint
971 2647 1159 2732 dispariles:

142 2758 220 2801 nam
254 2741 287 2800 et
317 2736 410 2800 ualde
444 2737 571 2819 amplae
604 2742 679 2801 sunt
712 2739 935 2820 [quamquam]
970 2758 1009 2800 ex
1036 2735 1159 2821 Africa,

144 2846 225 2908 quae
253 2828 410 2889 vocantur
439 2825 637 2909 solitannae,
670 2827 782 2889 itaut
809 2826 843 2889 ia
870 2846 924 2888 eas
952 2841 1052 2888 Lxxx
1079 2846 1158 2908 qua-

233 2986 246 3033 1
266 2981 392 3034 traactus
411 2981 559 3047 (trasactus
578 2982 635 3036 cod.
651 2981 729 3046 Pur,
748 2981 907 3035 transactus
925 2979 1078 3035 recentiora
1091 2996 1158 3050 apo-

142 3052 260 3121 prophe)
333 3051 589 3106 temolumentum
661 3051 816 3120 eglaudas
835 3050 962 3121 (claudas
985 3049 1158 3120 Kglaudae

139 3123 265 3193 plurimu
291 3123 466 3191 apopraplra)
541 3128 573 3177 19
597 3122 676 3192 ipsae
702 3122 928 3192 exgruminantes
953 3120 992 3176 ad
1008 3122 1160 3191 propalam

143 3199 178 3248 20
196 3193 354 3262 perducunt
389 3198 421 3245 21
442 3194 554 3247 laureae
573 3192 658 3247 foliae
678 3192 803 3264 (laureae
821 3190 891 3247 folia
911 3192 983 3260 Pol.)
1021 3193 1159 3248 131111-

142 3263 250 3318 learum
270 3264 446 3332 (cochearum
465 3265 602 3319 1111111111
615 3266 786 3335 apoqrupba)
859 3269 893 3316 29
907 3262 1046 3319 solitanne
1064 3263 1107 3318 ita
1125 3265 1161 3319 ut

143 3351 190 3390 aas
211 3334 403 3405 (solitannelta
421 3336 453 3388 ut
470 3334 501 3388 in
519 3350 566 3388 eas
584 3337 720 3390 nonnulla
738 3335 909 3405 apoyrapta)

232 3483 247 3531 3
268 3477 462 3531 molimentum
483 3476 639 3531 Palmariur
652 3477 771 3545 spicdep.
786 3493 816 3544 p.
832 3480 888 3532 817
960 3481 993 3530 19
1008 3475 1159 3546 propolam

142 3548 265 3617 Scaliper
337 3553 372 3601 20
390 3547 548 3616 producunt
566 3564 582 3601 1
654 3553 686 3600 21
707 3547 805 3601 laurea
822 3546 925 3602 foliae
