2430 3952
294 243 426 300 RERVM
443 243 683 300 Rvsrrcassvn
701 245 769 302 LIB.
783 245 824 298 lII
842 252 858 298 5
1023 248 1086 312 133

71 395 104 456 et
126 390 192 456 alio
211 393 357 473 tempore
375 393 519 454 turtures
538 412 577 454 ae
594 392 777 455 ooturnioes
796 391 921 455 inmani
940 413 1087 460 numero.

69 480 134 545 hoe
164 480 213 543 ita
243 479 314 543 fieri
346 483 481 562 apparet
511 479 546 542 in
577 480 692 543 insulis
723 480 915 564 propinquis
948 479 1086 565 Pontiis,

69 567 266 651 Palmariae,
295 565 518 632 Pandatariae
564 567 610 631 ibi
633 568 721 631 enim
743 568 776 631 in
800 569 907 652 prima
929 570 1086 653 volatura,

70 679 146 722 eum
164 656 306 738 veniunt,
326 660 495 720 morantur
513 655 581 720 dies
600 678 722 739 paucos
744 657 965 740 requiescendi
989 681 1087 724 eausa

41 746 213 830 sitemque
236 744 370 827 faciunt,
392 767 466 808 eum
489 766 528 808 ex
551 745 649 809 Italia
671 751 763 809 trans
787 767 877 811 mare
900 752 1055 812 remeant.

159 832 286 917 Appius
308 833 404 915 Axio,
427 832 463 897 Si
485 834 627 918 quinqua
650 834 741 897 milia
762 835 824 899 hoe
847 836 1016 920 ooieoeris,
1038 837 1085 900 iu·
1119 848 1139 904 8

69 921 151 1007 quit,
182 925 216 985 et
247 922 309 985 erit
340 922 473 1005 epulum
504 944 542 986 ao
572 923 767 1006 triumphus,
799 925 968 1008 sexaginta
995 924 1087 989 milia

70 1031 153 1094 quae
179 1010 230 1074 vis
258 1010 371 1074 statim
404 1012 438 1074 in
464 1010 558 1074 fenus
587 1010 642 1075 des
671 1011 784 1076 lieebit
809 1012 957 1077 multum.
1005 1014 1086 1077 Tum
1161 1031 1166 1041 ’

70 1099 160 1181 mihi,
185 1099 236 1163 Tu
254 1098 306 1162 dio
324 1100 399 1162 illut
417 1098 554 1163 alterum
573 1121 676 1184 genus
695 1100 888 1185 ornithonis,
911 1102 966 1185 qui
986 1102 1087 1166 animi

28 1214 58 1253 ro
73 1209 171 1252 eausa
198 1188 393 1251 constitutus
421 1210 442 1252 a
463 1190 497 1251 te
521 1189 580 1252 sub
603 1187 724 1253 Casino
747 1191 868 1268 fertur,
896 1191 931 1254 in
954 1212 1019 1275 quo
1042 1189 1087 1253 di·

70 1276 154 1342 euris
186 1275 283 1360 longe
315 1277 433 1340 risisse
460 1297 527 1340 non
554 1277 651 1341 modo
680 1278 881 1363 archetypon
908 1279 1086 1344 inventoris

69 1364 176 1429 nostri
200 1364 487 1449 ornithotrophion
509 1363 552 1428 M.
571 1365 674 1429 Laeni
698 1365 880 1450 Strabonis,
904 1369 960 1451 qui
984 1367 1087 1433 Brun·

70 1453 148 1518 disii
168 1453 288 1536 hospes
310 1458 422 1517 noster
439 1454 564 1537 primus
583 1455 617 1516 in
635 1455 794 1538 peristylo
812 1455 929 1519 habuit
946 1455 1088 1521 exhedra

70 1541 237 1606 eonolusas
261 1563 347 1623 aves,
370 1564 451 1626 quas
474 1546 623 1625 pasceret
644 1543 771 1606 obieeto
794 1547 879 1625 rete,
907 1542 963 1606 sed
987 1544 1087 1608 etiam

25 1655 55 1698 15
69 1630 107 1694 in
124 1629 309 1695 Tusculano
328 1652 448 1715 magna
466 1630 614 1696 aedificia
633 1631 767 1695 Luculli.
807 1631 890 1706 Quoi
909 1652 980 1716 ego,
1003 1630 1086 1698 Cum
1119 1645 1137 1702 9

69 1718 209 1783 habeam
236 1719 296 1783 sub
325 1719 445 1802 oppido
469 1717 586 1784 Casino
608 1719 745 1797 flumen,
775 1720 861 1804 quod
888 1742 946 1804 per
973 1721 1086 1785 villam

69 1806 166 1890 fluat,
193 1807 351 1891 liquidum
380 1811 414 1871 et
443 1809 545 1872 altum
572 1808 777 1894 marginibus
804 1808 953 1892 lapideis,
983 1809 1086 1873 latum

68 1895 167 1979 pedes
192 1896 427 1981 quinquaginta
450 1901 590 1980 septem,
616 1903 651 1962 et
673 1918 691 1961 e
714 1897 794 1961 villa
816 1897 852 1961 in
875 1898 985 1961 villam
1007 1919 1087 1982 pon-

69 1984 160 2048 tibus
182 1988 382 2068 transeatur,
411 1986 545 2069 longum
572 1986 670 2069 pedes
692 2003 828 2052 nccccu
858 1986 1021 2051 derectum
1045 1986 1086 2051 ab

24 2099 54 2140 ao
69 2073 179 2137 insula
202 2072 258 2156 [ad
282 2076 453 2154 museum],
474 2095 557 2157 quae
581 2076 688 2138 estin
710 2076 776 2140 imo
800 2075 909 2156 fluvio,
931 2076 988 2139 ubi
1012 2096 1087 2140 eon·

67 2161 142 2225 fluit
160 2162 262 2225 altera
280 2162 397 2243 amnis,
414 2161 456 2224 ad
471 2183 632 2226 summum
646 2162 776 2247 flumen,
794 2164 851 2228 ubi
865 2167 916 2227 est
930 2186 1088 2249 museum,

69 2250 190 2315 eiroum
208 2249 304 2314 huius
323 2250 410 2333 ripas
430 2249 608 2314 ambulatio
629 2252 689 2315 sub
710 2251 763 2315 dio
782 2250 880 2335 pedes
894 2251 963 2316 lata
977 2252 1087 2336 denos,
1100 2266 1140 2322 10

69 2338 113 2403 ab
145 2338 206 2402 hao
242 2337 450 2419 [ambulatio]
481 2343 532 2402 est
559 2339 593 2402 in
621 2360 736 2423 agrum
763 2361 874 2403 versus
903 2340 1087 2404 ornithonis

68 2428 161 2491 loeus
189 2447 227 2490 ex
254 2426 379 2490 duabus
406 2427 554 2510 partibus
584 2427 697 2491 dextra
722 2431 755 2491 et
778 2428 912 2492 sinistra
935 2427 1086 2492 maceriis

24 2514 54 2582 a’s
68 2515 148 2579 altis
176 2516 355 2580 conclusus.
399 2517 485 2579 inter
513 2537 593 2599 quas
621 2517 712 2581 locus
739 2517 794 2599 qui
822 2520 872 2580 est
902 2515 1086 2580 ornithonis

69 2605 177 2688 [patet
207 2603 241 2668 in
274 2604 479 2668 latitudinem
511 2604 608 2687 pedes
646 2607 769 2685 1111111]
809 2603 1007 2669 deformatus
1045 2604 1087 2667 ad

67 2692 200 2756 tabulae
227 2692 405 2756 litterariae
433 2693 573 2776 speciem
602 2715 675 2758 oum
702 2693 859 2777 capitulo,
887 2692 993 2759 forma
1023 2714 1088 2775 qua
1140 2766 1144 2775 ⁸

160 2865 290 2934 ipontis
349 2866 566 2936 3pandateriae
585 2867 799 2936 (pandatheriae
823 2867 862 2934 V)
917 2865 1088 2921 oeoieoeris

69 2934 234 3004 (conieceris
258 2936 298 3004 V)
357 2937 513 2991 8multum
532 2937 578 2990 die
596 2937 662 2992 illut
722 2944 755 2992 11
774 2938 920 2992 brundusii
939 2935 1088 3007 (brundisii

67 3008 127 3062 eod.
149 3007 228 3074 Par.)
303 3012 336 3060 13
359 3006 490 3076 periatilo
562 3009 702 3062 exhedera
775 3014 807 3062 15
834 3024 937 3078 magno
957 3007 1086 3062 aedificio

69 3083 105 3131 15
124 3078 202 3149 quoi]
222 3077 270 3145 qui
344 3084 378 3132 17
396 3078 499 3150 altum]
519 3079 606 3133 alium
678 3085 713 3133 20
732 3079 762 3132 in
779 3078 851 3151 imo]
869 3079 964 3134 animo
1019 3095 1088 3132 con-

66 3149 140 3202 fluet
210 3154 244 3202 25
264 3150 346 3220 quas]
365 3167 436 3218 quos
508 3156 541 3204 27
562 3152 698 3219 quaeest

160 3307 303 3362 2Pontiis
332 3308 470 3362 Victorius
543 3315 560 3362 8
583 3308 633 3362 des
656 3309 762 3363 lioebit.
790 3312 851 3363 tum
875 3307 957 3374 mihi,
986 3308 1018 3359 tu
1041 3305 1087 3359 dio

67 3379 219 3434 Iueundus
264 3384 298 3432 15
317 3379 362 3432 eui
381 3394 435 3447 ego
454 3381 601 3435 Iuormdus
647 3386 680 3434 17
700 3381 790 3434 altum
808 3380 955 3433 Iueuudus
996 3382 1031 3430 20
1049 3376 1087 3429 ad

66 3466 197 3504 museum
223 3450 320 3503 deleuit
351 3449 470 3504 Ursinus
546 3452 582 3505 ab
609 3451 667 3506 imo
695 3451 781 3504 fluuio
810 3450 955 3504 Turnebus
981 3449 1086 3502 udrera.

66 3526 115 3588 21,
133 3523 173 3576 23
235 3518 386 3574 confluite
449 3527 483 3575 25
501 3521 575 3576 inter
594 3538 699 3590 quase
757 3526 792 3574 27
811 3537 866 3588 qua
885 3520 929 3574 est
947 3519 1088 3588 quadrata

67 3593 200 3647 Pithoeus
216 3591 343 3647 11111111.
363 3595 389 3658 1,
406 3595 444 3646 12
