2430 3952
334 212 463 267 RERVM
481 212 716 270 avsrlcnavn
735 213 802 271 LlB.
817 214 887 270 1117
1051 213 1114 280 139

100 381 165 444 quo
192 357 281 423 foras
306 379 344 422 ex
366 359 566 442 peristerone
590 359 718 423 evolare
740 361 869 444 possint
891 361 1115 444 matres[que].

100 447 190 533 quod
211 447 336 512 faciunt
359 447 484 512 duabus
508 447 546 511 de
570 448 688 512 causis:
716 470 789 531 una,
812 449 840 512 si
863 448 1035 513 fastidiunt
1058 454 1115 514 aut

99 535 246 601 inclusae
269 539 512 620 consenescunt,
536 537 621 620 quod
645 536 748 602 libero
773 558 854 620 aere,
881 559 953 601 cum
977 537 1115 602 exierint

99 626 134 690 in
158 645 264 708 agros,
287 624 560 710 redintegrentur:
598 624 700 689 altera
728 626 766 688 de
789 647 888 691 causa
910 629 1043 711 propter
1066 627 1113 690 in·

66 713 220 781 elicium.
257 715 347 797 ipsae
366 712 450 778 enim
469 717 602 797 propter
619 714 736 798 pullos,
755 735 835 799 quos
853 714 983 797 habent,
1001 715 1114 798 utique

98 801 248 885 redeunt,
275 802 339 865 nisi
366 823 386 865 a
414 823 510 866 corvo
539 803 662 867 occisae
691 806 747 867 aut
776 803 816 867 ab
841 803 994 888 accipitre
1017 805 1114 867 inter·

98 894 222 974 ceptae.
245 911 326 973 quos
344 890 538 955 columbarii
556 891 736 955 interficere
752 892 858 956 solent
872 891 997 956 duabus
1011 893 1112 976 virgis
1148 901 1165 959 7

97 979 233 1044 viscatis
256 978 380 1044 defictis
403 980 438 1042 in
464 982 552 1043 terra
578 980 664 1044 inter
692 1001 725 1044 se
754 981 904 1062 curvatis,
932 1002 1003 1044 cum
1027 981 1114 1045 inter

98 1089 154 1133 cas
182 1068 352 1151 posuerint
379 1067 560 1152 obligatum
589 1069 725 1151 animal,
758 1069 843 1152 quod
872 1070 979 1150 [item]
1004 1072 1113 1152 petere

53 1182 84 1222 ιο
98 1157 227 1222 soleant
258 1156 438 1241 accipitres,
471 1156 525 1239 qui
557 1157 604 1221 ita
637 1158 855 1241 decipiuntur,
887 1180 960 1222 cum
992 1179 1025 1222 se
1058 1157 1113 1221 ob·

98 1245 250 1310 lever'unt
271 1245 368 1310 visco
406 1244 573 1310 columbas
597 1245 701 1310 redire
725 1247 827 1311 solere
852 1247 891 1310 ad
911 1247 1019 1311 locum
1037 1247 1114 1311 licet

97 1333 372 1418 animadvertere,
400 1333 485 1417 quod
513 1335 608 1398 multi
635 1335 669 1399 in
698 1335 828 1399 theatro
858 1357 875 1399 e
900 1335 973 1399 sinu
996 1335 1112 1400 missas

96 1421 230 1507 faciunt,
254 1426 350 1505 atque
373 1422 412 1485 ad
436 1423 542 1486 locum
560 1422 703 1505 redeunt,
727 1445 808 1506 quae
834 1423 897 1487 nisi
915 1428 1112 1488 reverteren-

96 1515 162 1594 tur,
180 1532 245 1575 non
265 1511 499 1576 emitterentur.
532 1511 622 1575 cibus
643 1510 814 1595 adponitur
832 1512 951 1576 circum
970 1512 1111 1595 parietes
1145 1521 1164 1579 8

52 1599 134 1666 min
161 1599 344 1678 canalibus,
373 1621 453 1683 quas
481 1600 679 1663 extrinsecus
707 1621 766 1684 per
792 1600 920 1664 fistulas
951 1600 1112 1683 supplent.

97 1687 302 1753 delectantur
324 1688 429 1772 milio,
453 1687 577 1772 tritico,
598 1687 734 1771 hordeo,
757 1688 843 1770 piso,
866 1687 1001 1771 fasiolis,
1025 1709 1112 1753 erro.

96 1778 176 1840 item
194 1777 261 1840 fere
279 1777 368 1855 haec,
386 1777 420 1840 in
438 1776 582 1840 turribus
603 1798 640 1841 ac
659 1776 794 1841 summis
813 1776 899 1840 villis
919 1777 974 1860 qui
988 1777 1112 1841 habent

97 1868 243 1950 agrestes
262 1864 438 1945 columbas,
458 1865 562 1947 quaad
580 1869 727 1950 possunt,
746 1865 947 1928 imitandum.
974 1866 1008 1928 in
1027 1866 1110 1948 peri-

98 1958 247 2018 steronas
275 1957 382 2017 aetate
410 1954 498 2017 bona
529 1955 710 2037 parandum
742 1975 845 2037 neque
873 1954 979 2038 pullos
1007 1975 1111 2037 neque

53 2069 82 2109 so
96 2043 234 2125 vetulas,
256 2041 392 2107 totidem
416 2064 520 2106 mares
545 2046 624 2126 quot
645 2042 793 2107 feminas.
839 2042 923 2106 nihil
953 2042 1112 2107 columbis
1146 2051 1163 2108 9

95 2130 275 2196 fecundius.
301 2132 411 2215 itaque
431 2131 544 2194 diebus
564 2131 781 2215 quadragenis
804 2131 948 2215 concipit
970 2135 1003 2196 et
1025 2131 1113 2214 parit

97 2224 132 2284 et
155 2218 287 2283 incubat
315 2223 347 2283 et
374 2219 498 2284 educat.
544 2222 577 2282 et
603 2220 665 2284 hoc
693 2219 759 2283 fere
787 2224 895 2284 totum
924 2241 1043 2284 annum
1067 2219 1113 2283 fa·

97 2308 200 2378 ciunt:
237 2308 463 2372 tantummodo
491 2307 699 2373 intervallum
726 2307 850 2372 faciunt
878 2329 898 2370 a
927 2308 1044 2372 bruma
1072 2308 1111 2371 ad

97 2396 340 2480 aequinoctium
370 2418 513 2460 vernum.
564 2396 646 2479 pulli
673 2399 852 2461 nascuntur
878 2395 960 2478 bini,
990 2397 1046 2478 qui
1070 2396 1112 2458 si-

56 2510 83 2552 as
99 2485 205 2549 mulac
220 2488 390 2549 creverunt
405 2488 437 2549 et
449 2485 572 2549 habent
585 2484 692 2568 robor,
711 2506 784 2548 cum
799 2484 958 2548 matribus
972 2484 1112 2566 pariunt

99 2574 155 2657 qui
178 2575 283 2638 solent
306 2573 455 2657 saginare
476 2574 582 2657 pullos
602 2573 813 2656 columbinos,
837 2594 900 2655 quo
919 2571 1020 2655 pluris
1039 2592 1113 2635 ven·

99 2662 188 2744 dant,
211 2661 380 2726 secludunt
399 2685 463 2745 eos,
483 2683 556 2727 cum
575 2664 641 2726 iam
659 2663 771 2745 pluma
791 2667 866 2725 sunt
884 2661 971 2724 tecti.
998 2659 1113 2724 deinde

99 2751 293 2816 manducato
316 2751 454 2815 candido
478 2750 620 2815 farciunt
641 2772 737 2834 pane:
762 2750 869 2814 hieme
892 2749 954 2813 hoc
978 2749 1038 2832 bia,
1061 2769 1112 2814 ae-

100 2842 185 2903 state
207 2843 266 2924 ter,
289 2861 383 2904 mane
406 2839 538 2903 meridie
560 2840 700 2923 vesperi:
722 2839 827 2903 hieme
851 2838 984 2902 demunt
1004 2839 1112 2902 cibum
1125 2844 1166 2902 10

54 2953 84 2993 ao
100 2927 250 2993 medium.
296 2930 365 3011 qui'
379 2928 444 2991 iam
471 2928 588 3011 pinnas
616 2928 776 3012 incipiunt
797 2926 930 3009 habere,
953 2927 1114 2991 relincunt

99 3016 134 3080 in
164 3015 239 3080 nido
271 3016 376 3080 inlisis
401 3016 546 3082 cruribus
571 3020 604 3080 et
627 3015 786 3080 matribus
794 3066 803 3100 ,
825 3015 957 3080 uberius
980 3020 1017 3078 ut
1040 3015 1113 3079 cibo

100 3104 150 3168 uti
167 3106 303 3190 possint,
323 3104 475 3170 obiciunt.
509 3126 546 3168 eo
567 3105 652 3168 enim
670 3108 776 3168 totum
795 3104 880 3168 diem
900 3126 934 3168 se
954 3106 987 3167 et
1004 3104 1112 3187 pullos

191 3314 365 3383 lperistone
381 3314 562 3384 (peristerone
580 3313 621 3382 V)
658 3329 775 3369 euocare
811 3319 847 3367 20
861 3311 935 3382 quod
971 3317 1005 3366 28
1020 3311 1113 3367 hieme

99 3382 193 3438 hieme
211 3383 265 3439 hoc
283 3385 327 3439 bis
347 3386 458 3455 (hyeme
476 3385 531 3440 hoc
549 3383 593 3438 bis
607 3385 658 3454 .V)
729 3389 763 3439 32
789 3384 908 3454 possunt
931 3382 1051 3452 (possint
1072 3382 1112 3452 V)

191 3566 205 3615 1
225 3561 337 3617 euolare
361 3563 478 3617 Ursinus
549 3563 661 3630 matres,
679 3560 755 3648 quod
774 3560 887 3629 quidem
904 3557 1047 3616 faciunto
1082 3578 1083 3581 ¹
