2430 3952
299 227 429 283 RERVM
448 226 682 283 Rvsrronuvn
701 227 769 282 LIB.
783 226 822 279 ΙΙΙ
839 232 870 280 16
1028 224 1091 290 155

80 373 174 439 favus
197 373 287 438 venit
314 374 349 437 in
372 373 490 438 altaria
517 376 550 437 et
577 373 641 437 mel
666 373 705 436 ad
728 372 889 455 prinoipia
909 372 1035 436 convivi
1059 377 1092 436 et

80 462 115 527 in
143 463 315 527 secundam
342 484 486 526 mensum
514 463 765 526 administratur.
817 461 897 526 haec
925 464 962 524 ut
988 460 1121 525 homi-6

79 573 158 615 num
186 551 348 635 civitates,
382 551 468 635 quod
497 551 550 615 hic
579 554 628 614 est
655 552 688 614 et
715 571 771 614 rex
799 553 832 613 et
858 548 1029 632 imperium
1060 553 1093 614 et

81 640 227 704 societas.
274 639 388 724 [quod]
417 643 569 704 secuntur
597 638 705 703 omnia
732 661 822 723 pura.
867 638 980 722 itaque
1002 638 1092 702 nulla

54 729 197 792 charum
216 729 334 792 adsidit
353 729 388 792 in
405 730 477 793 loco
496 728 665 812 inquinato
685 732 742 792 out
761 748 798 792 eo
818 726 873 811 qui
891 726 977 790 male
997 727 1092 811 oleat,

80 838 185 900 neque
214 817 313 881 etiam
340 817 374 880 in
403 838 440 882 eo
469 817 525 901 qui
553 817 639 881 bona
666 815 733 880 olet
760 818 933 899 unguenta.
983 815 1092 898 itaque

80 905 121 969 iis
140 908 256 970 unctus
276 905 331 989 qui
350 906 494 987 accessit,
512 907 673 990 pungunt,
691 925 767 988 non,
785 908 822 967 ut
837 925 974 988 muscae,
993 904 1091 988 ligur-

80 995 179 1080 riunt‚
202 1016 266 1078 quo
289 1015 383 1058 nemo
407 994 467 1058 has
490 993 587 1075 videt,
610 997 646 1057 ut
668 992 752 1076 illas,
774 993 809 1056 in
830 1013 925 1056 carne
945 995 1001 1056 aut
1020 1014 1092 1056 san-

10 1132 13 1143 i
80 1082 177 1167 guine
201 1085 257 1146 aut
280 1083 383 1167 adipe.
419 1083 492 1146 ideo
515 1083 611 1145 modo
635 1080 809 1145 considunt
831 1081 865 1144 in
888 1081 937 1145 eis·
955 1101 1092 1164 quorum

40 1194 65 1232 ro
81 1193 178 1254 sapor
210 1171 320 1236 duleis.
377 1170 509 1234 minime
543 1170 702 1247 malefica,
740 1169 824 1253 quod
857 1169 976 1233 nullius
1011 1176 1122 1252 opust

80 1258 234 1323 vellicans
261 1258 341 1323 facit
373 1259 529 1341 deterius,
565 1280 668 1342 neque
696 1259 828 1343 ignava,
861 1263 898 1321 ut
926 1279 1006 1341 non,
1036 1258 1092 1341 qui

80 1348 149 1412 eius
173 1351 305 1411 conetur
329 1347 521 1429 disturbare,
543 1348 687 1428 resistat3
723 1366 826 1427 neque
850 1349 961 1410 tamen
983 1347 1093 1411 nescia

81 1457 158 1499 suae
190 1436 424 1501 inbecillitatis.
477 1456 558 1519 quae
590 1457 663 1499 eum
696 1456 793 1498 causa
825 1455 990 1513 musarum
1023 1455 1093 1498 esse

81 1523 231 1588 dicuntur
257 1525 413 1606 volucres,
436 1523 520 1607 quod
540 1526 581 1606 et,
606 1522 780 1606 siquando
801 1504 989 1604 displicatae
1009 1526 1093 1604 sunt,

40 1633 67 1675 1⁶
81 1613 240 1696 cymbalis
273 1616 306 1677 et
336 1613 504 1696 plausibus
536 1632 671 1676 numero
704 1610 885 1676 redducunt
917 1610 953 1673 in
984 1609 1092 1674 looum

80 1722 194 1783 unum3
227 1703 260 1764 et
282 1705 318 1765 ut
342 1702 394 1765 his
423 1701 472 1765 dis
496 1699 655 1771 Helicona
683 1702 780 1783 atque
805 1697 966 1782 Olympon
996 1697 1093 1762 adtri-

80 1790 220 1854 buerunt
246 1789 408 1873 homines,
438 1789 483 1853 sio
511 1790 562 1852 his
590 1788 722 1854 floridos
752 1790 784 1851 et
812 1787 952 1851 incultos
976 1790 1092 1850 natura

75 1877 239 1941 adtribuit
262 1882 398 1942 montes.
443 1898 553 1961 regem
584 1899 676 1941 suum
701 1878 861 1953 secuntur,
892 1882 1123 1959 quocumque8

80 1966 116 2049 it,
140 1969 172 2030 et
189 1965 310 2030 fessum
329 1966 510 2050 sublevant,
533 1969 565 2029 et
585 1967 613 2029 ei
630 1963 744 2049 nequit
761 1963 880 2047 volare,
904 1963 1094 2048 succollant,

38 2053 167 2137 eoquod
191 2075 263 2118 eum
287 2076 416 2118 servare
441 2055 563 2118 volunt.
589 2075 693 2139 neque
711 2054 801 2137 ipsae
821 2056 897 2116 sunt
914 2052 1093 2116 inficientes
1152 2085 1157 2089 ·

80 2164 140 2206 nec
170 2164 235 2207 non
268 2142 405 2207 oderunt
436 2143 566 2206 inertes.
612 2143 722 2225 itaque
754 2141 952 2205 insectantes
985 2141 1026 2205 ab
1060 2161 1094 2205 se

10 2235 15 2243 '
81 2231 203 2294 eiciunt
225 2231 330 2314 fucos,
358 2229 445 2314 quod
472 2230 507 2292 hi
532 2250 635 2313 neque
664 2229 817 2292 adiuvant
840 2232 872 2292 et
895 2229 959 2292 mel
983 2252 1094 2294 oonsu-

81 2323 182 2402 munt,
206 2340 286 2403 quos
311 2319 516 2383 verificantes
539 2317 648 2400 plures
671 2320 883 2399 persecuntur
902 2317 999 2379 etiam
1018 2339 1095 2399 pau·

82 2429 146 2474 cae,
199 2412 289 2476 extra
321 2407 442 2472 ostium
470 2406 535 2470 alvi
569 2407 725 2488 optarant
757 2404 878 2486 omnia,
914 2426 978 2487 qua
1006 2405 1097 2467 venit

41 2517 69 2557 ae
82 2495 167 2560 inter
188 2495 281 2561 favos
307 2496 449 2580 spirituo,
473 2516 571 2579 quarn
594 2494 757 2558 erithaoen
780 2492 948 2575 appellant
971 2491 1093 2556 Graeci.

50 2663 53 2668 ¹
83 2605 194 2648 omnes
218 2589 255 2648 ut
277 2586 311 2647 in
334 2584 475 2648 exercitu
497 2583 612 2647 vivunt
640 2586 736 2666 atque
766 2580 900 2645 alternis
929 2579 1124 2645 dormiuntt)

83 2676 116 2736 et
145 2694 226 2755 opus
257 2671 381 2736 faciunt
402 2673 525 2755 pariter
548 2673 581 2735 et
605 2674 641 2734 ut
664 2669 807 2734 colonias
830 2669 980 2750 mittunt,
1009 2667 1095 2749 iique

82 2760 179 2823 duces
219 2760 395 2825 conficiunt
432 2759 590 2843 quaedam
628 2757 668 2822 ad
699 2778 812 2823 rooem
845 2759 881 2820 ut
912 2755 1096 2820 imitatione

82 2848 189 2912 tubae.
234 2851 303 2911 tum
331 2848 364 2911 id
390 2847 526 2930 faciunt,
555 2868 628 2912 cum
654 2848 740 2911 inter
771 2867 804 2909 se
829 2845 924 2930 signa
947 2844 1036 2928 pacis
1060 2866 1097 2909 ao

174 3039 303 3094 lfaunm
355 3036 561 3107 llingurriunt
578 3038 653 3106 quod
672 3053 753 3091 nemo
804 3035 879 3091 θεῖε
898 3051 947 3091 om.
996 3040 1027 3089 11
1048 3034 1097 3103 qui

84 3110 143 3164 eius
162 3113 277 3165 conetur
295 3109 356 3234 &poi
375 3111 491 3163 conetur
512 3108 551 3180 V)
593 3112 626 3161 14
644 3107 742 3161 dieunt
779 3112 812 3160 16
830 3109 864 3161 ut
881 3123 931 3161 om.
968 3104 1023 3159 diis
1042 3106 1096 3174 (dis

83 3183 140 3236 cod.
163 3182 243 3250 Por.)
323 3179 415 3234 elicon
433 3181 524 3248 adque
580 3183 612 3233 18
637 3177 784 3249 adtribuit]
810 3177 976 3232 adtribuunt
1029 3191 1097 3242 quo·

84 3268 192 3320 cunque
211 3254 235 3305 it
257 3252 294 3320 V,
318 3268 495 3320 quocumque
517 3251 552 3306 iit
571 3251 697 3320 plurima
715 3250 875 3319 apopraplru
949 3252 981 3301 19
1002 3261 1097 3300 succo-

83 3321 153 3376 lant⁴
217 3327 250 3376 21
269 3321 452 3394 insectantes]
472 3322 658 3392 impectantes
729 3325 764 3375 24
783 3318 858 3373 aluei
930 3323 964 3371 26
983 3317 1074 3384 adque

176 3500 329 3554 lfauuso
403 3504 436 3553 16
464 3501 494 3553 et
518 3502 551 3553 ut
573 3499 616 3552 his
641 3495 696 3551 diis
719 3495 867 3549 elioonao
941 3498 973 3547 17
997 3495 1098 3548 natura

84 3569 214 3626 attribuit
231 3587 279 3626 mo
353 3574 386 3672 12
406 3568 562 3624 succollant
579 3585 595 3624 o
668 3571 701 3621 21
722 3564 892 3621 insectantes
916 3565 1055 3622 Victorius
