2430 3952
261 196 392 252 RERVM
409 196 646 252 RVSTICARVM
668 196 735 254 LIB.
754 197 793 250 ΙΙΙ
813 204 881 253 7-9
1017 198 1078 262 141

63 343 133 408 fere
166 343 360 425 semodium,
394 341 510 407 cotidie
542 345 725 406 everrentes
748 363 866 406 xcorum
895 342 1033 427 stabula,
1062 366 1081 407 a

65 435 209 497 stercore
231 452 272 495 ne
295 430 508 514 offendantur,
532 430 617 514 quod
640 431 718 493 item
742 437 888 495 servatur
908 431 947 494 ad
967 451 1080 515 agrum

64 519 245 585 colendum.
277 519 318 583 ad
340 519 554 604 saginandum
574 518 850 602 adpositissimam
870 522 998 602 tempus
1021 519 1080 583 cir·

64 609 147 674 citer
164 629 312 673 messem.
340 608 459 672 etenim
478 610 599 671 matres
619 629 731 672 eorum
750 611 820 670 tum
840 609 981 691 optimae
997 611 1081 691 sunt,

34 718 140 764 ccum
159 696 242 780 pulli
260 696 391 780 plurimi
410 696 598 780 gignuntur,
618 696 672 779 qui
692 696 732 759 ad
749 695 908 761 farturam
924 697 1081 761 meliores.

64 785 177 870 itaque
200 806 312 849 eorum
333 783 459 849 fructus
482 785 515 848 id
539 783 695 868 temporis
720 785 859 848 maxime
883 786 1041 850 consistit.

156 873 269 956 Axius,
291 872 363 957 Ego
388 895 469 956 quae
492 873 620 956 requiro
639 872 784 955 farturae
804 872 963 955 [assutae]
984 896 1081 938 mem·
1097 885 1136 941 IX

64 962 136 1046 bra,
160 960 198 1025 de
223 961 412 1044 [palumbis]
437 961 567 1045 gallinis
592 960 642 1025 dic
661 962 764 1044 sodes,
787 961 925 1025 Merula:
954 965 1023 1026 tum
1043 962 1081 1025 de

43 1081 48 1086 ·
64 1050 200 1133 reliquis
215 1048 322 1134 siquid
335 1049 486 1114 idoneum
501 1049 599 1114 fuerit
612 1050 808 1128 ratiocinari,
828 1050 947 1113 licebit.
975 1049 1082 1135 Igitur

20 1163 52 1202 rc
68 1142 147 1204 sunt
169 1137 310 1222 gallinae
334 1159 415 1221 quae
437 1142 594 1202 vocantur
613 1159 769 1222 generum
788 1139 896 1223 trium,
919 1138 1082 1202 villaticae

67 1230 101 1291 et
120 1227 260 1291 rusticae
280 1229 313 1290 et
331 1226 512 1291 Africanae.
550 1227 692 1310 gallinae
711 1228 874 1291 villaticae
894 1230 979 1310 sunt,
1002 1234 1112 1311 quast

66 1315 218 1398 deinceps
250 1336 324 1379 rure
355 1315 477 1378 habent
506 1316 541 1378 in
571 1315 666 1379 villis.
712 1315 750 1378 de
778 1316 830 1380 his
859 1317 913 1400 qui
941 1316 1083 1380 ornitho-

65 1402 203 1468 boscion
221 1403 392 1467 instituere
411 1404 490 1485 vult,
509 1402 541 1466 id
560 1405 610 1467 est
629 1403 776 1467 adhibita
794 1405 931 1468 scientia
950 1426 987 1468 ac
1006 1426 1083 1468 cura

66 1496 104 1556 ut
131 1491 261 1575 capiant
289 1511 426 1574 magnos
454 1492 591 1574 fructus,
620 1495 657 1556 ut
685 1492 823 1555 maxime
851 1492 1083 1557 factitaverunt

21 1601 53 1644 15
66 1579 203 1663 Deliaci,
219 1580 299 1644 haec
318 1581 458 1664 quinque
479 1579 646 1661 [maxime]
665 1578 925 1644 animadvertant
940 1584 1082 1662 oportet:

68 1668 109 1733 de
132 1669 309 1752 emptione,
333 1669 423 1732 cuius
447 1669 534 1733 modi
559 1673 590 1732 et
614 1691 711 1752 quam
734 1668 854 1731 multas
877 1671 1008 1751 parent3
1045 1667 1084 1731 de

68 1757 186 1841 fetura,
205 1778 301 1840 quem
320 1756 361 1820 ad
380 1756 511 1822 modum
530 1757 705 1821 admittant
725 1760 758 1820 et
775 1757 921 1841 pariant,
947 1756 985 1820 de
1005 1757 1083 1840 ovis,

68 1866 166 1929 quem
204 1846 244 1908 ad
277 1845 408 1909 modum
441 1845 595 1910 incubent
627 1849 660 1908 et
693 1845 868 1927 excudent3
905 1844 944 1908 de
976 1844 1084 1928 pullis,

68 1955 167 2018 quem
196 1934 236 1998 ad
263 1934 394 1998 modum
422 1938 455 1997 et
482 1957 501 1998 a
530 1934 646 2017 quibus
675 1935 859 1998 educentur.
909 1933 999 1998 hisce
1030 1956 1084 2016 ap-

25 2045 55 2086 so
67 2021 189 2108 pendix
217 2021 354 2087 edicitur
381 2044 458 2105 pars
488 2024 615 2106 quinta,
646 2045 740 2107 quem
769 2022 809 2086 ad
837 2023 969 2087 modum
1000 2023 1084 2106 sagi-

68 2114 197 2176 nentur.
243 2132 260 2173 e
289 2111 360 2194 quis
387 2111 492 2175 tribus
521 2111 693 2194 generibus
724 2112 854 2195 proprio
877 2111 1007 2176 nomine
1031 2125 1114 2182 vo-3

69 2202 186 2264 cantur
217 2198 356 2263 feminae
385 2220 466 2282 quae
495 2204 570 2264 sunt
597 2200 760 2264 villaticae
789 2200 946 2284 gallinae,
979 2222 1084 2264 mares

71 2287 171 2374 galli,
212 2288 284 2371 capi
322 2289 526 2367 semimares,
569 2288 624 2371 qui
662 2293 738 2351 sunt
774 2289 916 2351 castrati.
978 2288 1084 2372 gallos

71 2378 227 2456 castrant,
250 2379 287 2440 ut
310 2376 375 2439 sint
398 2376 479 2459 capi,
502 2376 652 2440 candenti
675 2375 760 2439 ferro
784 2376 948 2439 inurentes
974 2374 1014 2438 ad
1038 2376 1085 2438 in-

28 2488 57 2529 as
70 2465 150 2529 fima
172 2485 274 2547 crura,
297 2487 399 2549 usque
423 2464 497 2528 dum
517 2467 694 2549 rumpatur,
718 2468 751 2527 et
771 2463 857 2547 quod
876 2466 965 2526 extat
983 2462 1086 2545 ulcus,

72 2552 227 2618 oblinunt
249 2553 362 2637 figlina
386 2557 481 2618 creta.
535 2554 590 2636 qui
614 2556 739 2636 spectat
762 2557 799 2616 ut
823 2551 1118 2619 ornithoboscion4

71 2640 251 2725 perfectum
273 2641 403 2725 habeat,
428 2641 550 2706 scilicet
573 2663 693 2726 genera
712 2641 742 2706 ei
760 2641 824 2704 tria
842 2639 995 2725 paranda,
1020 2660 1086 2702 ma-

166 2857 180 2903 1
201 2849 318 2905 cottidie
391 2866 424 2903 ac
443 2851 564 2906 stercore
584 2853 613 2919 (a
631 2854 753 2905 stercore
778 2850 816 2918 V)
890 2855 905 2902 3
925 2848 961 2903 ad
975 2849 1087 2917 potissi-

73 2938 153 2975 mum
180 2920 431 2990 (appositissimum
458 2923 620 2991 apographa
646 2923 808 2991 recentiora)
906 2927 921 2975 7
954 2920 1088 2988 farturae]

65 3007 202 3060 ,carsurae
274 2997 289 3045 9
309 2991 476 3047 racioeinari
502 2992 642 3060 (raeimari
664 2992 734 3048 Vict.
753 2997 778 3046 et
796 2993 853 3047 cod.
873 2992 954 3059 Pur,
970 2991 1090 3045 recinari

74 3063 133 3130 fuit
150 3065 182 3117 iu
200 3063 356 3135 arctdypo)
431 3068 463 3117 14
482 3065 514 3116 ut
532 3069 595 3116 aute
613 3063 727 3132 capiant
746 3079 795 3118 cru.
876 3068 909 3116 21
931 3079 945 3116 e
965 3063 1026 3130 quis
1045 3063 1090 3129 (ex

76 3133 140 3202 quis
154 3133 226 3200 Pot,
241 3148 275 3186 ex
288 3132 390 3202 quibus
403 3134 445 3188 cet
459 3136 488 3187 et
502 3132 602 3205 quibus
617 3134 779 3203 apographo
792 3134 938 3201 uouuullu)
979 3137 1012 3186 23
1028 3131 1088 3201 qui]

77 3205 153 3272 quod
225 3210 259 3258 25
279 3206 319 3276 et]
335 3207 364 3259 at
436 3209 469 3258 27
490 3205 610 3276 scilicet]
631 3204 670 3258 sic
689 3204 756 3258 licet

169 3406 183 3454 7
203 3399 361 3454 farturaec
434 3416 546 3454 arsurae
564 3400 677 3454 inclusit
691 3398 871 3455 Setuuderue
944 3400 976 3450 13
996 3396 1028 3448 ut
1046 3412 1090 3449 ca·

77 3469 158 3541 piant
181 3472 330 3525 Iucuuduc
403 3477 434 3525 15
457 3471 528 3525 haec
551 3470 673 3539 quinque
699 3467 925 3524 animaduerterit
947 3468 1091 3521 Iucundos

79 3547 114 3595 23
134 3541 182 3612 qui
200 3542 290 3597 sintc
362 3547 395 3595 27
416 3541 525 3596 scilieet
542 3543 599 3597 cod.
619 3541 686 3596 Par.
