2430 3952
325 215 456 270 mm
473 214 710 270 flvsmcsm
727 215 796 272 nu.
815 216 841 272 Π
860 222 876 271 ἰ’
1040 216 1104 283 lto

88 361 193 426 Italia
214 361 255 426 ot
275 362 397 442 Apulia
418 362 529 445 Apuli
551 362 593 424 sl>
616 359 722 425 Rosea
746 360 897 426 Rosesni.
933 365 1006 447 eqni
1027 364 1105 428 boni

88 450 195 514 futuri
217 451 321 535 signs,
344 451 373 512 si
396 472 469 512 oum
486 451 675 533 gisgslibus
693 453 728 514 in
745 452 865 533 pabulo
884 452 1051 516 contendit
1069 455 1104 516 in

89 539 249 603 currendo
268 539 374 601 slisve
394 561 456 622 qus
472 561 519 619 re,
542 561 605 621 quo
623 540 733 621 potior
750 543 807 607 sit:
830 542 869 605 si.
892 562 963 604 eum
983 540 1105 605 flumen

88 627 330 691 travelmndum
353 636 404 690 est
426 630 533 711 gregi,
555 629 590 689 in
612 630 727 710 primis
750 629 955 713 progreditur
977 650 1015 693 ae
1038 649 1104 693 non

61 721 256 799 srespeetat
278 717 372 779 alios.
415 717 538 799 emptio
567 718 686 799 equina
707 717 825 781 similis
852 718 920 781 fere
943 738 980 781 se
1006 718 1104 782 boum

89 808 126 868 et
143 806 319 884 asinorum,
342 805 428 887 quod
446 805 568 867 eisdem
585 806 684 868 rebus
702 807 736 868 in
755 808 918 889 emptione
936 804 1104 871 dominnm

88 898 228 975 mutant,
250 894 346 956 utin
367 891 483 956 Manili
505 894 687 956 actionibus
711 901 789 957 sunt
809 896 1000 978 perscripta..

179 981 345 1066 Equinnm
367 1004 466 1064 pecus
488 983 687 1064 pascendum
709 984 744 1045 in
766 986 869 1065 pratis
898 985 1132 1067 potissimum?

88 1071 201 1148 herba,
230 1071 267 1134 in
296 1070 435 1133 stabulis
463 1092 501 1133 se
527 1072 740 1153 praesepibus
767 1072 858 1135 erido
885 1072 994 1136 faeno·
1031 1093 1105 1137 cum

48 1181 76 1221 ιο
88 1164 297 1243 pepererunt,
319 1159 442 1222 hordeo
464 1159 598 1240 adiecto,
620 1161 672 1223 bis
691 1160 743 1224 die
762 1160 840 1224 data
858 1182 951 1244 uqus
999 1182 1105 1225 sorum

89 1248 217 1312 feturae
245 1248 377 1310 initium
405 1247 612 1311 admissionis
639 1248 746 1312 facere
773 1255 903 1332 oportet
932 1248 974 1313 nb
997 1253 1105 1333 sequi·

89 1338 202 1401 noetio
225 1357 325 1399 verno
349 1336 389 1398 ad
412 1336 601 1414 solstitium,
623 1342 661 1399 ut
682 1342 797 1420 partus
820 1338 936 1403 idoneo
960 1346 1105 1421 tempore

89 1426 163 1489 fiat:
204 1424 395 1488 duodecimo
423 1425 508 1487 enim
532 1446 642 1488 mense
666 1425 717 1488 die
740 1425 865 1490 decimo
890 1427 984 1491 siunt
1007 1426 1105 1491 misni.

91 1535 174 1598 quae
198 1516 275 1596 post
296 1517 425 1595 tempus
447 1518 637 1594 nascuntur,
664 1513 731 1577 fere
759 1515 879 1578 vitioso
908 1521 1005 1597 utque
1036 1516 1105 1579 itm-

49 1604 164 1669 stilis
187 1601 340 1666 existunt.
394 1602 565 1665 admittere
591 1608 737 1684 oportet,
767 1623 839 1666 oum
868 1607 996 1685 tempus
1027 1604 1134 1667 sumit

90 1691 226 1772 venerit,
259 1691 311 1755 bis
344 1690 404 1772 die,
436 1711 531 1753 mane
558 1695 592 1752 et
621 1711 764 1774 vespere,
796 1710 853 1774 per
885 1691 1025 1775 origum:
1059 1690 1106 1757 sio

92 1780 278 1863 appellatur
301 1779 441 1862 qui[qui]
467 1778 618 1844 admittit.
655 1800 692 1843 eo
716 1779 802 1843 enim
826 1779 1001 1862 adiutsnte,
1024 1802 1106 1865 equs

92 1869 238 1952 alligata,
257 1867 394 1932 celerius
414 1867 641 1950 admittuntur,
664 1889 766 1951 neque
786 1867 858 1951 equi
878 1869 1000 1933 frustm
1020 1868 1105 1952 nupi-

91 1957 196 2021 ditate
219 1957 341 2039 inpulsi
364 1977 473 2019 semen
496 1956 625 2020 eiciunt.
669 1956 774 2040 quand
798 1957 878 2020 sat-is
902 1956 946 2021 sit
969 1956 1106 2042 admitti,

48 2047 183 2130 seipsae
216 2044 414 2128 significant,
452 2044 538 2127 quod
572 2066 605 2108 se
638 2045 823 2109 defendunt.
879 2045 907 2109 si
939 2045 1105 2110 fastidium

92 2133 229 2198 saliendi
258 2139 320 2214 est,
350 2133 459 2196 scillae
487 2132 628 2196 medium
659 2138 830 2198 conterunt
858 2155 929 2198 oum
959 2158 1042 2219 nquu
1066 2134 1106 2199 ud

91 2223 199 2287 mellis
222 2221 481 2287 erassitudinem:
513 2226 582 2284 tum
606 2242 643 2285 es
666 2244 700 2285 re
724 2227 875 2286 naturum
899 2246 1010 2307 equus,
1033 2242 1106 2288 oum

90 2332 220 2376 menses
244 2309 362 2390 ferunt,
390 2313 545 2394 tangunt3
582 2314 695 2374 contra
719 2312 760 2374 ub
783 2311 863 2375 locis
887 2333 988 2394 equus
1012 2332 1104 2376 mmes

91 2400 168 2484 equi
200 2402 348 2483 tangunt.
399 2398 531 2462 tametsi
561 2398 764 2482 incredibile,
796 2398 881 2482 quod
916 2421 975 2463 usu
1009 2400 1133 2481 vestitit

48 2513 75 2554 ss
90 2489 270 2553 memoriae
294 2487 519 2551 mandandum.
553 2508 651 2570 equus
675 2491 813 2551 matrem
838 2486 932 2551 solim
957 2508 1028 2551 eum
1054 2486 1106 2551 sd-

91 2577 166 2642 duoi
190 2598 257 2640 non
280 2579 400 2659 posset,
423 2597 496 2639 oum
521 2597 594 2639 eum
617 2577 722 2659 capite
742 2577 897 2641 obvoluto
917 2575 1031 2656 surius
1051 2576 1105 2640 ud·

91 2666 239 2731 duxisset
265 2669 298 2728 et
326 2665 485 2750 coegisset
513 2670 650 2728 matrem
678 2664 774 2745 inire,
805 2686 875 2729 eum
901 2662 1106 2729 ‹lossendonti

90 2754 289 2837 dempsisset
313 2754 353 2817 ab
379 2752 494 2838 oculis,
529 2754 587 2834 [et]
617 2753 672 2816 ille
695 2755 852 2837 impotum
875 2752 952 2817 soeit
975 2752 1009 2816 in
1034 2774 1105 2819 oum

183 2968 198 3017 5
218 2962 326 3016 simulis
345 2959 458 3030 (similis
477 2964 583 3031 apoqr.)
630 2966 645 3017 7
664 2960 770 3017 mamili
818 2968 851 3017 10
871 2963 938 3018 dats
957 2962 1060 3032 (clnnds
1078 2962 1106 3031 V,

87 3035 161 3089 data
179 3035 286 3102 apoyr.)
359 3038 392 3086 12
407 3031 456 3102 ad]
476 3035 505 3085 et
575 3032 692 3088 idoneus
767 3038 799 3088 ts
813 3032 945 3103 perorigs
963 3034 1041 3089 misit
1059 3051 1106 3105 sp·

89 3105 215 3177 pellatur
237 3104 329 3158 nundi
351 3109 419 3158 nota
443 3099 572 3172 adposita
644 3110 677 3158 19
700 3106 793 3173 quoad
866 3112 900 3160 sl
923 3108 981 3160 tsm
1006 3108 1036 3160 et
1053 3106 1106 3159 insi

89 3175 254 3231 incredibili
324 3180 359 3229 25
378 3173 568 3228 mandandum
591 3191 653 3229 eom
677 3192 765 3244 equus
789 3174 908 3230 matrem
935 3178 1018 3230 satiro
1044 3192 1105 3231 oum

90 3246 196 3302 adduci
218 3262 274 3300 non
296 3247 394 3313 posset
417 3262 480 3299 eum
544 3250 579 3299 28
603 3244 753 3301 domuisset
770 3246 843 3315 (dem
865 3244 949 3302 sisset
970 3244 1001 3312 V,
1020 3248 1105 3300 demi-

91 3319 178 3373 sisset
194 3318 357 3386 apoyropta
374 3318 536 3385 recentiora)
572 3318 608 3371 ab
627 3316 716 3371 oeulis
736 3321 765 3372 et
778 3316 827 3372 ille
842 3264 889 3387 {ib
903 3318 990 3373 oculis
1004 3316 1053 3370 ills
1069 3314 1108 3386 V)

184 3501 200 3550 ⁷
224 3491 337 3548 Hanssii
357 3510 375 3547 v
448 3498 481 3545 12
508 3494 544 3546 ad
570 3492 720 3548 solstitium
744 3511 761 3548 s
832 3494 935 3549 idoneo
958 3492 1015 3548 eod.
1039 3495 1052 3547 l

90 3573 129 3621 24
144 3566 262 3620 tametsi
278 3562 443 3619 incredibile
461 3581 478 3619 v
