2430 3952
298 195 428 250 RERVM
445 193 684 250 RVSTIGARVM
702 194 771 252 LlB.
786 194 854 249 1119
905 199 908 207 ’
1019 195 1084 259 145

70 340 166 422 ditae,
190 362 288 424 quam
311 339 345 402 in
369 340 534 404 nutricatu
558 342 740 423 occupatae.
779 340 931 404 incubare
955 344 1136 424 oportctlss

69 429 212 512 incipere
233 429 407 493 secundum
425 449 544 492 novam
565 429 684 512 lunam,
709 428 793 512 quod
812 428 879 492 fere
899 450 980 513 quae
1000 433 1085 511 ante,

69 517 225 601 pleraque
248 538 314 582 non
338 516 521 581 succedunt.
558 515 671 580 diebus
693 516 760 580 fere
779 517 897 600 viginti
916 516 1085 580 excudunt.

71 606 111 670 de
134 605 250 689 quibus
274 605 426 669 villaticis
451 605 605 689 quoniam
628 606 679 669 vel
702 605 839 669 nimium
858 605 989 686 dictum,
1012 605 1085 669 bre-

37 695 173 760 svitate
196 694 322 778 reliqua
345 694 561 777 conpensabc.

161 780 309 846 Gallinae
346 783 485 846 rusticae
523 784 598 845 sunt
628 782 663 844 in
695 781 774 845 urbe
805 803 896 846 rarae
928 804 986 847 nec
1018 782 1085 846 fero

69 869 136 934 nisi
170 875 357 934 mansuetae
394 870 429 933 in
466 891 564 934 cavea
600 870 751 934 videntur
786 869 924 954 Romae,
962 871 1085 936 similes

70 958 155 1023 facie
178 980 243 1023 non
266 959 317 1022 his
343 958 473 1043 gallinis
499 958 651 1023 villaticis
676 959 811 1042 nostris,
835 959 891 1023 scd
911 958 1084 1024 Africanis.

72 1051 206 1130 aspectu
236 1068 272 1111 ac
296 1047 376 1112 facie
399 1047 674 1111 incontaminatae
697 1047 732 1110 in
756 1048 923 1111 ornatibus
948 1048 1085 1131 publicis
1098 1060 1138 1117 17

25 1159 56 1198 ro
72 1135 179 1199 solent
201 1136 279 1219 poni
303 1156 375 1199 cum
398 1135 547 1219 psittacis
572 1157 610 1199 ac
632 1136 766 1199 merulis
791 1137 884 1214 albis,
910 1136 988 1200 item
1013 1136 1101 1200 aliis‘

70 1223 106 1288 id
138 1243 240 1307 genus
274 1223 370 1287 rebus
400 1224 575 1288 inusitatis.
620 1245 724 1306 neque
752 1224 819 1288 fere
847 1225 880 1288 in
908 1225 995 1289 villis
1024 1246 1087 1290 ova

71 1333 112 1376 ac
134 1312 242 1395 pullos
265 1310 397 1392 faciunt,
421 1311 530 1375 sedin
550 1311 649 1375 silvis.
687 1314 728 1377 ab
748 1312 799 1375 his
820 1312 950 1397 gallinis
970 1313 1087 1378 dicitur

70 1401 180 1465 insula
208 1399 388 1464 Gallinaria
416 1400 595 1483 appellata,
629 1421 710 1483 quac
738 1404 788 1463 cst
814 1400 847 1463 in
876 1401 959 1465 mari
982 1401 1087 1467 Tusco

70 1488 248 1552 secundum
266 1489 397 1553 Italiam
416 1491 529 1553 contra
549 1491 677 1552 montes
695 1488 862 1571 Liguscos,
884 1489 1087 1572 Intimilium,

26 1599 58 1640 rs
71 1576 196 1641 Album
227 1576 426 1660 Ingaunum:
464 1577 520 1640 alii
553 1577 593 1639 ab
626 1576 678 1639 his
710 1576 864 1641 villaticis
897 1577 1035 1642 invectis
1068 1600 1087 1641 a

70 1666 196 1749 nautis,
223 1664 270 1727 ibi
297 1664 374 1728 feris
398 1664 492 1729 factis
516 1665 701 1748 procreatis.
747 1664 889 1749 gallinae
912 1664 1086 1730 Africanae
1099 1677 1138 1734 18

72 1756 150 1818 sunt
173 1753 325 1837 grandes,
353 1753 475 1835 variae,
498 1753 666 1837 gibberac,
690 1775 769 1837 quas
793 1752 1008 1836 meleagridas
1033 1777 1086 1838 ap·

70 1841 199 1926 pellant
221 1841 346 1906 Gracci.
390 1841 470 1906 haec
492 1842 687 1906 novissimae
710 1842 746 1904 in
769 1842 946 1906 triclinium
970 1864 1087 1906 cenan-

71 1930 156 1994 tium
178 1930 371 1994 introierunt
395 1951 411 1993 e
435 1930 543 1994 culina
566 1936 700 2015 propter
722 1930 890 1994 fastidium
909 1931 1086 1995 hominum.

27 2041 57 2081 so
72 2021 215 2084 veneunt
232 2022 365 2103 propter
382 2019 553 2102 penuriam
572 2039 701 2102 magno.
733 2020 770 2083 de
789 2020 893 2084 tribus
913 2020 1086 2103 generibus
1099 2034 1140 2091 19

72 2107 216 2191 gallinae
247 2107 439 2191 saginantur
463 2106 602 2171 maxime
626 2108 797 2172 villaticae.
843 2130 897 2173 cas
921 2108 1089 2173 includunt

71 2195 237 2260 inlocum
260 2195 405 2278 tepidum
429 2198 462 2258 et
485 2198 659 2278 angustum
683 2199 716 2259 et
733 2196 978 2279 tenebricosum,
1003 2197 1089 2281 quod

72 2286 182 2348 motus
211 2305 321 2347 earum
349 2290 381 2347 et
408 2284 464 2347 lux
491 2283 728 2367 pinguitudinis
756 2284 912 2366 vindicta,
943 2284 983 2348 ad
1005 2284 1090 2349 hanc

72 2384 143 2436 rem
166 2372 275 2436 electis
299 2371 449 2435 maximis
474 2371 619 2455 gallinis,
647 2393 706 2436 nco
730 2372 882 2436 continuo
912 2371 979 2454 his,
1009 2394 1088 2455 quas

30 2480 59 2522 aa
73 2458 209 2524 Melicas
224 2460 391 2543 appellant
405 2459 500 2542 falso,
520 2460 604 2542 quod
619 2460 753 2545 antiqui,
767 2465 804 2524 ut
818 2459 948 2524 Thetim
962 2459 1090 2524 Thelim

75 2548 237 2632 dicebant,
261 2548 306 2612 sic
329 2547 488 2612 Medicam
511 2547 661 2613 Melicam
684 2549 854 2614 vocabant.
899 2548 961 2612 hae
984 2548 1090 2631 primo

75 2635 280 2719 dicebantur,
318 2659 398 2720 quae
436 2659 475 2700 ex
507 2637 634 2701 Medica
665 2642 798 2723 propter
830 2637 1089 2720 magnitudinem

75 2728 171 2789 erant
189 2725 316 2789 adlatae
336 2745 481 2808 quaeque
500 2727 598 2789 exiis
618 2729 801 2811 generatae,
824 2729 937 2808 postea
955 2731 1089 2808 propter
1102 2743 1144 2799 20

77 2812 322 2877 similitudinem
346 2814 471 2896 amplae
497 2835 616 2879 omnes.
664 2815 793 2894 [exiis]
823 2813 942 2878 evulsis
967 2836 1005 2878 ex
1030 2815 1090 2879 alis

166 2975 252 3023 onec
270 2967 329 3022 fere
348 2971 512 3024 mansuetae
536 2970 593 3023 sint
611 2969 681 3040 (sine
705 2971 744 3040 V)
764 2986 850 3024 cauea
922 2977 938 3025 8
956 2970 1014 3042 his]
1041 2971 1089 3025 hic

76 3043 112 3092 14
139 3037 312 3093 intiminium
394 3046 426 3094 17
455 3040 599 3109 gibberiae
675 3047 708 3095 18
736 3040 907 3112 cenantium]
939 3040 1091 3110 geranium

74 3114 111 3164 25
135 3109 237 3164 thetim
264 3109 364 3164 thelim
388 3111 490 3179 (thetin
512 3110 604 3165 thelin
629 3112 703 3180 Pol,
733 3111 836 3166 thetim
858 3112 959 3167 thelim
985 3114 1091 3182 apogr.)

74 3186 111 3234 27
126 3181 216 3251 quae]
235 3198 290 3249 qua
368 3186 403 3235 28
424 3180 509 3236 exiis
529 3185 574 3251 (ex
592 3183 636 3237 his
655 3189 770 3254 atroque
788 3185 845 3239 loco
868 3183 896 3238 V
911 3189 936 3239 et
954 3185 1092 3238 manullo

74 3253 249 3320 apoprcpba)
322 3257 356 3306 29
376 3253 484 3322 amplas

168 3400 184 3448 8
207 3394 251 3448 his
277 3393 391 3464 gallinis
414 3411 429 3448 o
514 3401 547 3450 14
573 3394 739 3451 Intimilium
758 3397 941 3452 Mommseaus
961 3393 988 3449 0.
1010 3396 1038 3450 Ι.
1057 3395 1091 3450 L.

82 3463 110 3517 V
125 3467 189 3534 212.
204 3470 260 3520 900
334 3470 367 3518 17
386 3465 502 3534 gibbere
521 3469 578 3523 cod.
600 3468 667 3523 Par.
740 3473 774 3522 27
794 3482 865 3536 quae
885 3482 919 3519 ex
938 3464 1048 3521 medica
1067 3483 1095 3521 m

77 3540 113 3589 29
134 3534 245 3604 amplae
269 3535 386 3590 Urslaus

135 3635 220 3675 vuaso
235 3645 289 3675 aaa.
303 3645 369 3676 avsr.
902 3633 935 3682 10
