2430 3952
151 257 215 322 150
568 253 754 310 VARRONIS

152 402 269 467 horum
288 400 433 464 omnium
452 399 608 482 custodia,
626 399 859 463 incrementum
874 401 907 461 et
920 396 1026 482 pastio
1042 399 1166 481 aperta,

121 499 139 555 3
151 495 377 575 praeterquam
404 488 443 553 de
471 488 595 571 apibus.
642 487 713 570 quis
741 487 827 550 enim
856 486 988 571 ignorat
1010 488 1166 569 saeptae

151 578 300 643 maceriis
333 578 380 641 ita
413 599 482 641 esse
514 580 664 660 oportere
696 576 730 638 in
757 574 928 659 leporario,
960 576 997 639 ut
1025 574 1165 639 tectorio

150 671 240 732 tacta
263 668 329 731 sint
352 670 386 730 et
409 667 475 730 sint
498 664 586 730 alta?
624 665 761 729 alterum
786 685 828 727 ne
850 663 944 727 faelis
969 664 1026 728 aut
1048 663 1164 728 maelis

152 756 254 820 aliave
282 777 363 838 quae
391 754 497 819 bestia
523 753 659 818 introire
686 752 803 836 possit,
832 752 970 816 alterum
997 771 1038 815 ne
1067 752 1164 834 lupus
1191 769 1205 811 s

150 843 327 929 transilire3
363 843 473 927 ibique
498 864 566 907 esse
590 842 747 925 latebras,
777 840 834 905 ubi
857 842 984 925 lepores
1007 840 1165 906 interdius

152 932 337 997 delitiscunt
355 933 390 995 in
407 932 558 1016 virgultis
578 937 674 1014 atque
693 930 811 1012 herbis,
835 933 868 993 et
887 931 1017 995 arbores
1041 931 1165 1013 patulis

122 1021 269 1104 4ramis,
307 1043 389 1105 quae
422 1021 550 1105 aquilae
582 1019 750 1102 inpediant
781 1022 926 1083 conatus.
981 1019 1054 1104 quis
1087 1020 1166 1083 item

151 1111 264 1192 nescit,
295 1130 416 1193 paucos
450 1108 478 1172 si
509 1109 644 1192 lepores,
678 1129 782 1172 mares
816 1129 854 1173 ac
885 1107 1032 1192 feminas,
1064 1108 1166 1173 intro-

151 1198 286 1278 miserit,
311 1198 399 1262 brevi
421 1200 567 1280 tempore
590 1196 660 1261 fore
680 1200 718 1261 ut
736 1196 919 1280 inpleatur?
943 1200 1037 1260 tanta
1054 1196 1165 1262 secun·
1179 1215 1204 1254 10

152 1286 237 1349 ditas
264 1285 360 1349 huius
390 1286 603 1370 quadripedis.
650 1290 805 1368 quattuor
834 1286 929 1350 modo
953 1285 1039 1349 enim
1063 1285 1165 1350 intro-

152 1373 277 1438 miserit
291 1374 325 1437 in
340 1374 545 1459 leporarium,
559 1375 650 1439 brevi
665 1375 748 1438 solet
767 1374 892 1457 repleri.
921 1375 1039 1438 etenim
1059 1394 1166 1458 saepe,

152 1484 225 1526 oum
251 1461 374 1527 habent
402 1465 526 1528 catulos
554 1466 713 1545 recentes,
741 1463 822 1526 alios
850 1463 884 1526 in
909 1465 1021 1526 ventre
1043 1461 1166 1527 habere

150 1552 363 1634 reperiuntur.
400 1552 509 1635 itaque
533 1552 571 1616 de
594 1552 635 1615 iis
652 1550 836 1616 *Archelaus
860 1551 982 1633 scribit,
1006 1572 1165 1616 annorum

122 1731 296 1811 bnaturae,
319 1729 403 1811 quod
427 1729 496 1792 sine
520 1729 617 1793 dubio
642 1729 723 1792 alius
748 1728 812 1792 alio
836 1728 935 1791 habet
957 1727 1058 1811 plura.
1102 1728 1163 1793 hos

152 1837 278 1899 quoque
301 1838 404 1899 nuper
426 1817 614 1881 institutum
637 1819 673 1879 ut
697 1817 883 1901 saginarent
905 1816 1067 1901 pleraque,
1091 1837 1166 1880 cum

153 1907 304 1987 exceptos
329 1926 345 1967 e
368 1905 528 1987 leporario
552 1905 693 1969 condant
715 1905 750 1967 in
774 1904 879 1968 caveis
903 1908 936 1968 et
958 1905 1029 1969 loco
1055 1904 1166 1970 clauso

151 1991 275 2055 faciant
297 1991 443 2075 pingues.
489 2015 627 2076 quorum
650 2013 727 2076 ergo
751 1993 816 2056 tria
840 2013 961 2078 genera
983 1993 1050 2057 fere
1074 1996 1166 2058 sunt:

153 2101 251 2142 unum
275 2079 420 2144 italicum
443 2080 505 2144 hoc
524 2083 670 2145 nostrum
689 2080 825 2164 pedibus
844 2081 958 2163 primis
977 2081 1166 2166 humilibus,
1179 2096 1204 2137 2⁰

151 2167 383 2250 posterioribus
408 2169 496 2251 altis,
519 2170 684 2253 superiore
707 2173 798 2252 parte
821 2169 920 2254 pulla,
942 2174 1056 2234 ventre
1080 2169 1166 2253 albo,

153 2255 285 2319 auribus
308 2256 426 2342 longis.
473 2259 526 2343 qui
558 2258 651 2341 lepus
676 2257 808 2341 dicitur,
836 2280 907 2322 cum
932 2262 1092 2342 praegnas
1116 2258 1169 2340 sit,

151 2347 261 2409 tamen
284 2348 462 2429 concipere.
507 2346 542 2410 in
566 2345 674 2410 Gallia
697 2347 899 2429 transalpina
922 2351 954 2410 et
977 2345 1168 2410 Macedonia

151 2432 233 2497 fiunt
265 2435 441 2517 permagni,
474 2435 510 2498 in
542 2433 702 2518 Hispania
735 2434 825 2499 etin
851 2433 949 2498 ltalia
981 2435 1168 2499 mediocres.

123 2521 285 2589 calterius
310 2523 436 2606 generis
460 2527 518 2600 est,
541 2522 626 2608 quod
650 2524 685 2586 in
708 2521 818 2587 Gallia
837 2523 982 2587 nascitur
1000 2523 1041 2586 ad
1060 2522 1166 2607 Alpis,
1181 2537 1206 2578 2⁶

153 2609 208 2693 qui
230 2609 291 2674 hoo
315 2610 382 2675 fere
406 2614 544 2694 mutant,
577 2611 662 2694 quod
684 2611 747 2676 toti
771 2610 899 2675 candidi
922 2615 1011 2676 sunt:
1046 2611 1070 2674 ii
1093 2632 1168 2675 raro

151 2697 358 2779 perferuntur
384 2699 531 2772 Romam.
576 2700 664 2763 tertii
693 2700 820 2784 generis
852 2703 916 2783 est,
945 2698 1031 2783 quod
1052 2699 1087 2764 in
1109 2697 1169 2762 Hi·

153 2786 267 2869 spania
285 2788 438 2873 nascitur,
463 2788 578 2852 similis
597 2791 710 2852 nostro
729 2788 833 2870 lepori
852 2809 890 2851 ex
909 2788 1049 2872 quadam
1066 2792 1170 2871 parte,

153 2873 209 2937 sed
240 2874 382 2958 humilis,
414 2898 509 2962 quem
542 2876 724 2941 cuniculum
757 2877 934 2960 appellant.
988 2875 1024 2941 L.
1055 2875 1169 2941 Aelius

152 2962 290 3044 putabat
322 2964 363 3028 ab
396 2987 434 3030 eo
463 2965 583 3029 dictum
612 2965 755 3048 leporem
786 2987 805 3028 a
834 2963 1050 3047 celeritudine,
1081 2964 1169 3049 quod
1183 2978 1209 3020 ⁸⁰

152 3049 274 3135 levipes
299 3056 392 3116 esset.
439 3074 499 3137 ego
524 3053 665 3118 arbitror
688 3076 707 3117 a
730 3051 1027 3138 graeoo'vocabulo
1052 3053 1170 3134 antico,

243 3197 259 3245 6
278 3190 401 3246 interdiu
421 3190 568 3261 (interdius
588 3192 645 3246 cod.
667 3190 747 3259 Par.)
821 3195 836 3244 9
856 3190 901 3262 ac]
924 3193 958 3244 ut
1031 3196 1062 3244 11
1082 3188 1170 3245 intro·

153 3261 230 3315 misit
273 3268 304 3315 12
326 3263 441 3333 etenim]
463 3262 588 3316 atenim
631 3267 663 3316 15
682 3261 757 3329 quod
773 3261 810 3315 sit
830 3262 892 3330 quis
912 3260 983 3315 uelit
1020 3267 1053 3316 16
1074 3261 1170 3333 plura]

153 3349 222 3458 pa?
236 3404 264 3457 P
279 3340 316 3472 23
333 3333 457 3388 nascitur
475 3333 593 3401 adadpis
652 3337 686 3385 29
706 3331 812 3386 humile
874 3337 907 3387 31
928 3332 1044 3400 antiquo
1063 3333 1171 3402 (antico

154 3420 211 3458 co.
262 3421 303 3458 ar.

246 3533 277 3582 12
298 3528 402 3584 etenim
421 3543 505 3596 saepe
529 3527 646 3582 Ursinus
723 3531 756 3583 16
775 3527 891 3596 pluras
968 3530 1003 3580 25
1029 3527 1065 3580 sd
1083 3525 1172 3597 Alpes

155 3598 301 3654 Iucundos
372 3604 406 3653 29
426 3597 539 3653 humilis
558 3598 739 3654 Schneiderus
