2430 3952
152 188 216 250 144
560 187 748 242 VARRONIS

149 333 265 397 161661
298 332 416 397 diutius
451 354 594 411 servare,
633 332 812 416 perfricant
844 333 913 396 sale
945 331 1070 396 minuto
1109 333 1168 395 aut

149 421 254 485 muria
281 425 348 485 tres
377 425 435 485 661
458 423 611 505 quattuor
634 421 731 485 horas
763 441 863 504 eaque
887 420 998 484 abluta
1022 419 1167 484 condunt

150 510 185 574 16
212 509 355 573 16116166
385 513 441 574 aut
468 531 553 574 acus.
599 509 632 573 in
662 508 871 593 supponendo
901 531 962 574 616
990 508 1168 572 observant

150 602 188 662 61
211 599 278 662 6161
299 619 432 662 6661616
456 598 593 682 inparia.
639 618 708 675 616,
735 619 817 680 quae
840 589 1044 680 incubantur,
1067 596 1167 661 habe·

152 690 248 751 antne
277 708 388 750 semen
391 687 509 839 tpulli,
540 689 669 750 curator
698 687 875 786 quadriduo
898 689 974 769 post
997 706 1096 768 qnam
1119 685 1168 749 in·
1193 706 1205 747 a

151 774 262 838 cubari
299 776 406 858 coepit
440 775 626 875 intellegere
663 779 782 857 potest.
842 774 870 837 si
909 777 1023 839 contra
1057 775 1168 837 lumen

151 862 257 927 tenuit
280 866 312 926 61
334 886 451 947 purum
474 863 570 927 unius
589 863 677 927 modi
696 885 766 927 esse
786 863 1025 944 animadvertit,
1047 864 1168 946 putant

100 952 331 1020 130101endum
356 956 388 1015 et
411 951 498 1016 aliud
522 951 756 1015 subiciundum.
803 973 936 1016 excusos
959 912 1069 1052 pullos
1094 951 1168 1015 sub-

118 1040 330 1105 ducendum
358 1061 397 1103 ex
425 1040 562 1123 singulis
589 1039 736 1104 nidist
703 1044 736 1103 et
769 1039 991 1104 subiciendum
1023 1039 1053 1103 ei
1084 1060 1168 1141 quae

150 1129 272 1192 habeat
293 1149 427 1211 paucos3
452 1130 492 1191 ab
513 1149 624 1211 eaque,
648 1128 820 1211 s1reliqua
839 1128 905 1192 sint
923 1150 984 1192 ova
1002 1128 1167 1210 pauciora,
1181 1150 1205 1189 16

151 1217 297 1280 tollenda
320 1221 354 1280 61
377 1216 564 1280 subicienda
586 1217 668 1300 aliis,
699 1238 780 1300 quae
804 1217 947 1281 nondum
970 1216 1167 1282 excuderunt

152 1307 184 1367 61
212 1305 319 1368 161666
347 1305 469 1368 habent
497 1305 635 1389 triginta
661 1307 777 1388 pullos.
827 1306 889 1369 hoc
919 1305 1005 1369 enim
1033 1325 1167 1390 gregem

151 1392 307 1456 maiorem
326 1415 392 1458 non
412 1393 601 1460 faciendum.
639 1393 846 1458 obiciendum
865 1394 963 1476 pullis
982 1393 1097 1458 diebus
1119 1413 1168 1460 xv

151 1481 264 1563 primis
288 1503 383 1546 mane
407 1483 552 1546 subiecto
575 1483 716 1566 pulvere,
738 1503 779 1545 66
802 1482 918 1547 1661116
941 1486 1056 1546 666661
1079 1487 1168 1548 16116

151 1569 243 1653 dura,
270 1570 437 1653 polentam
465 1572 599 1634 mixtam
627 1593 700 1634 cum
731 1572 872 1635 nasturti
896 1570 1016 1634 semine
1039 1571 1112 1636 61116
1135 1574 1207 1636 etro

152 1679 236 1741 aqua
260 1659 427 1742 aliquanto
452 1663 527 1724 ante
550 1659 670 1723 factam
693 1659 850 1743 intritam,
873 1681 913 1723 ne
936 1663 1006 1723 tum
1030 1658 1168 1744 denique

101 1746 186 1812 1416
211 1768 320 1811 661661
344 1770 480 1830 corpore
503 1751 682 1832 turgescat:
706 1769 790 1831 aqua
812 1747 1058 1830 prohibendum.
1104 1770 1168 1832 qna

152 1834 190 1898 de
214 1836 363 1900 clunibus
388 1837 553 1919 coeperint
576 1836 694 1900 habere
717 1837 844 1920 pinnas,
868 1858 884 1899 e
904 1836 1020 1920 capite,
1043 1858 1060 1899 6
1082 1837 1167 1901 66116

152 1944 262 1987 661616
287 1924 399 1988 crebro
424 1924 564 2009 eligendi
587 1924 696 2006 pedes:
726 1946 821 2006 saepe
846 1925 932 1988 enim
955 1928 1089 2008 propter
1111 1947 1168 1990 eos

152 2016 393 2075 consenescunt.
431 2013 551 2076 circum
569 2033 683 2076 caveas
705 2034 816 2076 eorum
839 2012 1075 2078 incendendum
1098 2035 1167 2079 ccr-
1181 2033 1204 2075 ac

151 2121 230 2162 num
254 2101 429 2182 cervinum,
451 2122 492 2163 ne
516 2122 598 2184 quae
622 2122 754 2185 serpens
779 2101 922 2184 accedat,
954 2123 1091 2184 quarum
1115 2103 1168 2167 be

152 2187 289 2251 stiarum
308 2209 346 2252 ex
366 2189 462 2253 odore
482 2189 589 2253 661661
607 2190 748 2257 16161116.
775 2189 992 2274 prodigendae
1010 2190 1046 2254 in
1065 2191 1168 2255 solem

152 2276 240 2339 etin
264 2278 476 2359 stercilinum,
499 2281 537 2342 61
560 2279 635 2342 1616
636 2283 705 2342 1616
729 2279 870 2361 possint,
895 2279 1031 2363 quodt
1004 2301 1051 2343 ia
1016 2278 1167 2344 talibi·

100 2364 248 2431 ratores
276 2366 373 2448 fiunt·
409 2388 513 2450 neque
542 2367 666 2452 pullos,
693 2368 749 2431 sed
777 2389 872 2432 omne
901 2367 1168 2434 ornithoboscion

152 2474 225 2516 cum
258 2457 397 2554 aestate,
431 2459 501 2519 tum
534 2456 645 2538 utique
678 2477 749 2519 cum
774 2448 955 2539 tempestas
985 2456 1028 2520 sit
1014 2456 1166 2522 tmcllis
1181 2475 1205 2516 ιι

153 2545 250 2625 tque
277 2543 434 2626 apricum3
477 2544 601 2607 intento
583 2565 728 2627 osupra
757 2547 841 2628 rete,
878 2544 964 2630 quod
995 2545 1168 2629 prohibeat

152 2651 206 2693 eas
243 2635 334 2694 extra
366 2635 479 2783 staepta
511 2632 639 2696 evolare
669 2633 739 2696 et
730 2655 764 2696 111
793 2654 846 2696 cas
874 2633 1020 2698 involare
1050 2634 1168 2698 extrin-

153 2739 243 2782 secus
272 2720 374 2803 accipi
376 2725 460 2783 trem
491 2723 547 2783 661
575 2719 1166 2821 66111611616111661616661161661

154 2810 186 2868 et
199 2805 313 2891 frigus,
333 2807 470 2891 quodt
433 2831 454 2871 u
471 2830 604 2892 rumque
619 2809 659 2872 iis
674 2809 854 2875 adversum.
883 2833 955 2875 cum
969 2810 1034 2874 iam
1049 2810 1167 2895 pinnas

153 2893 328 2978 habebunt,
305 2896 709 2961 tconsuefaciundumt
672 2901 709 2961 61
723 2920 820 2963 66661
835 2902 892 2964 661
906 2899 986 2963 duas
1002 2903 1167 2964 sectentur
1182 2919 1207 2959 66

154 2983 309 3066 gallinas,
337 2987 526 3048 66161661
489 2989 526 3049 61
553 2988 612 3070 pot
613 2987 662 3050 ius
692 2986 732 3050 ad
759 2988 951 3072 pariendum
979 2988 1047 3052 sint
1073 3008 1168 3072 expe-

244 3162 258 3208 1
279 3173 384 3211 6616611
466 3165 481 3213 2
502 3160 624 3215 condant
706 3165 739 3214 15
762 3160 898 3216 nasturcii
921 3162 1027 3216 semine
1047 3163 1076 3217 et
1095 3179 1169 3232 aqua

153 3225 298 3295 aliquanto
319 3229 383 3282 ante
401 3229 478 3284 facta
496 3229 596 3286 intrita
651 3232 712 3286 22'
704 3251 733 3286 16
753 3230 811 3288 6616
861 3238 895 3285 23
914 3232 1034 3289 uolitare
1085 3232 1168 3288 alibi-

152 3298 224 3353 liora
296 3306 329 3353 26
349 3299 439 3367 adque

243 3466 256 3512 1
287 3477 398 3514 seruare
425 3477 472 3514 mv
546 3467 561 3514 2
590 3461 712 3516 condunt
740 3463 887 3520 1616611116
959 3468 992 3516 22
1020 3462 1051 3517 in
1077 3464 1168 3520 solem

152 3527 297 3586 Iucundos
369 3537 402 3585 23
422 3532 583 3586 uolutarev
656 3531 810 3588 alibiliores
829 3533 975 3591 Iacuudcs
1015 3604 1020 3615 x
